1475170846,0.86442,0.86476
1475170846,0.86441,0.86476
1475170846,0.86443,0.86477
1475170847,0.86444,0.86477
1475170847,0.86444,0.8647899999999999
1475170848,0.8644500000000001,0.8647899999999999
1475170850,0.8644500000000001,0.86478
1475170850,0.8644500000000001,0.86478
1475170850,0.86444,0.8647899999999999
1475170851,0.8644500000000001,0.8647899999999999
1475170851,0.86444,0.8647899999999999
1475170851,0.8644500000000001,0.86478
1475170851,0.8644500000000001,0.8647899999999999
1475170851,0.8644500000000001,0.86478
1475170851,0.8644500000000001,0.8647899999999999
1475170851,0.8644500000000001,0.86478
1475170851,0.86446,0.86478
1475170852,0.8644500000000001,0.8647899999999999
1475170852,0.86446,0.8647899999999999
1475170852,0.8644500000000001,0.8647899999999999
1475170853,0.86446,0.8647899999999999
1475170853,0.8644500000000001,0.8647899999999999
1475170853,0.86444,0.8647899999999999
1475170854,0.86444,0.86478
1475170854,0.8644500000000001,0.86478
1475170854,0.86444,0.86478
1475170854,0.86444,0.86477
1475170854,0.8644500000000001,0.86477
1475170855,0.86443,0.86478
1475170855,0.86443,0.86477
1475170857,0.86444,0.86478
1475170857,0.86443,0.86478
1475170858,0.86444,0.86478
1475170858,0.8644500000000001,0.86478
1475170858,0.8644500000000001,0.8647899999999999
1475170858,0.86446,0.8648
1475170859,0.8644500000000001,0.8648
1475170859,0.86444,0.8648
1475170859,0.86444,0.8647899999999999
1475170859,0.86443,0.8647899999999999
1475170859,0.86444,0.8647899999999999
1475170861,0.8644500000000001,0.8647899999999999
1475170861,0.86446,0.8647899999999999
1475170861,0.86447,0.8647899999999999
1475170861,0.86447,0.86481
1475170861,0.86448,0.86481
1475170861,0.86446,0.86481
1475170862,0.8644500000000001,0.86481
1475170862,0.86446,0.86481
1475170862,0.86446,0.8647899999999999
1475170862,0.86446,0.86481
1475170862,0.86446,0.8648
1475170863,0.8644500000000001,0.8648
1475170864,0.86446,0.8648
1475170864,0.86446,0.86481
1475170864,0.86447,0.86481
1475170865,0.86446,0.8647899999999999
1475170865,0.8644500000000001,0.8647899999999999
1475170865,0.86446,0.8647899999999999
1475170865,0.86446,0.86481
1475170865,0.86446,0.8648
1475170866,0.86447,0.86481
1475170866,0.86448,0.86481
1475170867,0.86448,0.86482
1475170868,0.86447,0.86481
1475170870,0.86449,0.86481
1475170872,0.86449,0.8648400000000001
1475170873,0.86449,0.86483
1475170873,0.86449,0.8648400000000001
1475170873,0.86449,0.86483
1475170873,0.86451,0.8648400000000001
1475170873,0.86451,0.8648400000000001
1475170873,0.86452,0.8648400000000001
1475170874,0.86453,0.86487
1475170874,0.86454,0.86488
1475170876,0.86455,0.86488
1475170878,0.86454,0.86488
1475170878,0.86452,0.86487
1475170878,0.86452,0.86486
1475170879,0.86451,0.86486
1475170879,0.86452,0.86486
1475170880,0.86453,0.86486
1475170880,0.86454,0.86486
1475170880,0.86454,0.86489
1475170881,0.8645699999999999,0.8649
1475170881,0.86458,0.86492
1475170881,0.8645699999999999,0.86492
1475170881,0.8645699999999999,0.86491
1475170882,0.8645699999999999,0.86492
1475170882,0.86456,0.86491
1475170882,0.86453,0.86488
1475170882,0.86452,0.86485
1475170882,0.86451,0.86485
1475170882,0.8645,0.86485
1475170884,0.8645,0.86486
1475170886,0.86451,0.86486
1475170888,0.86449,0.86483
1475170888,0.86449,0.86483
1475170888,0.86448,0.86483
1475170889,0.86449,0.86483
1475170889,0.8645,0.8648400000000001
1475170889,0.8645,0.86485
1475170889,0.86451,0.86485
1475170889,0.8645,0.86485
1475170890,0.8645,0.8648400000000001
1475170891,0.86451,0.86485
1475170891,0.86452,0.86486
1475170895,0.86451,0.86485
1475170902,0.86451,0.86486
1475170902,0.86452,0.86486
1475170902,0.86453,0.86487
1475170903,0.86454,0.86488
1475170905,0.86454,0.86489
1475170905,0.86454,0.86488
1475170907,0.86455,0.86489
1475170907,0.86455,0.86489
1475170907,0.86454,0.86489
1475170911,0.86454,0.86488
1475170911,0.86453,0.86488
1475170911,0.86452,0.86487
1475170912,0.86453,0.86488
1475170912,0.86453,0.86488
1475170912,0.86454,0.86489
1475170912,0.86454,0.86489
1475170913,0.86453,0.86488
1475170913,0.86453,0.86487
1475170914,0.86452,0.86487
1475170914,0.86452,0.86486
1475170915,0.86452,0.86487
1475170918,0.8645,0.86485
1475170918,0.8645,0.86485
1475170918,0.86449,0.86483
1475170918,0.8645,0.86483
1475170918,0.86449,0.8648400000000001
1475170918,0.86449,0.86485
1475170918,0.8645,0.86485
1475170919,0.86449,0.86485
1475170919,0.86449,0.8648400000000001
1475170919,0.86449,0.86483
1475170920,0.86449,0.86485
1475170920,0.86449,0.8648400000000001
1475170926,0.8645,0.8648400000000001
1475170926,0.8645,0.86485
1475170928,0.8645,0.8648400000000001
1475170937,0.8645,0.86485
1475170937,0.8645,0.8648400000000001
1475170938,0.86449,0.8648400000000001
1475170939,0.86449,0.86483
1475170939,0.86449,0.8648400000000001
1475170945,0.8645,0.8648400000000001
1475170946,0.86451,0.8648400000000001
1475170948,0.86451,0.86485
1475170948,0.86452,0.86486
1475170948,0.86452,0.86486
1475170948,0.86453,0.86486
1475170948,0.86455,0.86488
1475170948,0.86455,0.86489
1475170949,0.86456,0.86489
1475170949,0.86459,0.86493
1475170949,0.8646,0.86493
1475170949,0.8646,0.86494
1475170949,0.86459,0.86493
1475170949,0.86458,0.86493
1475170949,0.8646,0.86493
1475170949,0.86459,0.86493
1475170951,0.86463,0.86496
1475170951,0.8646200000000001,0.86496
1475170951,0.86461,0.86496
1475170951,0.86461,0.86495
1475170951,0.8646,0.86495
1475170952,0.86461,0.86495
1475170952,0.8646200000000001,0.86495
1475170952,0.8646200000000001,0.86496
1475170953,0.8646200000000001,0.86495
1475170953,0.86461,0.86495
1475170954,0.86461,0.86495
1475170954,0.8646200000000001,0.86495
1475170954,0.8646200000000001,0.86496
1475170954,0.86463,0.86496
1475170954,0.86464,0.86496
1475170954,0.86465,0.86497
1475170954,0.86464,0.86497
1475170954,0.86465,0.86498
1475170956,0.86466,0.86499
1475170956,0.86466,0.86499
1475170956,0.86465,0.86499
1475170956,0.86466,0.865
1475170958,0.86465,0.86499
1475170958,0.86464,0.86499
1475170958,0.86463,0.86498
1475170959,0.86464,0.86498
1475170959,0.86464,0.86499
1475170959,0.86465,0.86499
1475170959,0.86465,0.865
1475170959,0.86467,0.8650099999999999
1475170961,0.86468,0.8650099999999999
1475170961,0.86467,0.8650099999999999
1475170964,0.86468,0.8650099999999999
1475170965,0.86467,0.8650099999999999
1475170965,0.86465,0.865
1475170966,0.86465,0.86499
1475170966,0.86464,0.86498
1475170966,0.8646200000000001,0.86497
1475170967,0.86461,0.86497
1475170967,0.86461,0.86496
1475170967,0.8646200000000001,0.86497
1475170969,0.86461,0.86497
1475170973,0.8646200000000001,0.86497
1475170974,0.86463,0.86497
1475170975,0.86464,0.86497
1475170975,0.86464,0.86498
1475170975,0.86463,0.86498
1475170975,0.86464,0.86498
1475170976,0.86463,0.86498
1475170980,0.86464,0.86498
1475170980,0.86463,0.86498
1475170981,0.86464,0.86498
1475170984,0.86464,0.86498
1475170984,0.86465,0.86498
1475170988,0.86466,0.86498
1475170989,0.86465,0.86498
1475170990,0.86465,0.86499
1475170990,0.86466,0.86499
1475170990,0.86467,0.86499
1475170990,0.86466,0.865
1475170990,0.86465,0.865
1475170991,0.86465,0.86499
1475170995,0.86466,0.86499
1475170995,0.86465,0.86499
1475170995,0.86466,0.86499
1475170995,0.86465,0.86499
1475170995,0.86466,0.86499
1475170996,0.86465,0.86499
1475170996,0.86466,0.86499
1475170996,0.86467,0.86499
1475170997,0.86466,0.86499
1475170997,0.86467,0.8650099999999999
1475170998,0.86468,0.8650099999999999
1475170998,0.86468,0.86502
1475170998,0.86469,0.86502
1475170998,0.8647,0.86503
1475170999,0.86469,0.86503
1475170999,0.8647,0.86503
1475170999,0.86471,0.86505
1475170999,0.86472,0.86505
1475171000,0.86473,0.86508
1475171001,0.86473,0.86507
1475171001,0.86472,0.86507
1475171001,0.86471,0.8650600000000001
1475171001,0.86471,0.86505
1475171002,0.8647,0.86504
1475171002,0.86469,0.86504
1475171002,0.8647,0.86504
1475171002,0.86471,0.86504
1475171002,0.86471,0.86505
1475171002,0.8647,0.86505
1475171003,0.8647,0.86504
1475171003,0.8647,0.86505
1475171004,0.86472,0.86505
1475171004,0.86471,0.86505
1475171005,0.86471,0.86504
1475171005,0.8647,0.86504
1475171006,0.86471,0.86505
1475171006,0.8647,0.86505
1475171007,0.8647,0.86504
1475171009,0.86471,0.86504
1475171009,0.86471,0.86505
1475171009,0.86471,0.86504
1475171009,0.8647,0.86504
1475171009,0.8647,0.86503
1475171009,0.8647,0.86502
1475171009,0.86466,0.8650099999999999
1475171009,0.86466,0.865
1475171010,0.86466,0.8650099999999999
1475171010,0.86466,0.865
1475171011,0.86466,0.865
1475171011,0.86466,0.8650099999999999
1475171012,0.86466,0.865
1475171012,0.86466,0.8650099999999999
1475171013,0.86466,0.865
1475171014,0.86466,0.8650099999999999
1475171015,0.86466,0.865
1475171015,0.86464,0.86497
1475171015,0.86464,0.86499
1475171015,0.86465,0.865
1475171016,0.86464,0.86499
1475171016,0.86465,0.86499
1475171017,0.86464,0.86499
1475171019,0.86463,0.86499
1475171019,0.86463,0.86496
1475171019,0.86461,0.86496
1475171019,0.86461,0.86495
1475171019,0.8646,0.86494
1475171019,0.86461,0.86494
1475171020,0.8646,0.86494
1475171021,0.86461,0.86495
1475171021,0.86461,0.86496
1475171021,0.86461,0.86495
1475171021,0.86461,0.86496
1475171022,0.86461,0.86495
1475171023,0.8646,0.86495
1475171024,0.86461,0.86495
1475171025,0.86461,0.86496
1475171026,0.86461,0.86495
1475171026,0.86461,0.86494
1475171026,0.8646,0.86494
1475171028,0.86461,0.86494
1475171029,0.8646,0.86494
1475171029,0.86461,0.86494
1475171029,0.86461,0.86495
1475171029,0.86461,0.86494
1475171030,0.8646,0.86494
1475171030,0.86459,0.86493
1475171030,0.86456,0.8649
1475171030,0.86456,0.8649
1475171031,0.86455,0.86491
1475171031,0.86455,0.8649
1475171031,0.86455,0.86491
1475171032,0.86456,0.86491
1475171032,0.86455,0.86491
1475171032,0.86456,0.86491
1475171032,0.86455,0.86491
1475171032,0.86456,0.86491
1475171032,0.8645699999999999,0.86491
1475171032,0.8645699999999999,0.86493
1475171032,0.86459,0.86493
1475171033,0.86459,0.86494
1475171033,0.8646,0.86494
1475171037,0.8646,0.86495
1475171037,0.86461,0.86495
1475171037,0.86461,0.86496
1475171037,0.8646200000000001,0.86497
1475171037,0.8646,0.86494
1475171038,0.8646,0.86495
1475171038,0.8646,0.86494
1475171040,0.86459,0.86494
1475171043,0.8646,0.86494
1475171045,0.86461,0.86494
1475171045,0.86461,0.86495
1475171045,0.8646200000000001,0.86495
1475171045,0.8646,0.86495
1475171045,0.86461,0.86495
1475171047,0.86459,0.86494
1475171047,0.86461,0.86495
1475171047,0.86461,0.86496
1475171048,0.8646200000000001,0.86496
1475171048,0.86461,0.86496
1475171049,0.8646200000000001,0.86496
1475171049,0.86461,0.86496
1475171050,0.8646200000000001,0.86496
1475171050,0.86461,0.86496
1475171052,0.8646,0.86495
1475171052,0.86461,0.86496
1475171056,0.8646,0.86495
1475171056,0.8646,0.86495
1475171057,0.8646,0.86494
1475171057,0.86459,0.86494
1475171059,0.8646,0.86494
1475171059,0.86459,0.86493
1475171059,0.86459,0.86493
1475171059,0.86459,0.86492
1475171059,0.8645699999999999,0.8649
1475171060,0.86456,0.8649
1475171061,0.86455,0.86489
1475171061,0.86455,0.86489
1475171061,0.86455,0.86488
1475171062,0.86453,0.86487
1475171062,0.86453,0.86488
1475171062,0.86456,0.8649
1475171063,0.86456,0.86491
1475171063,0.86456,0.8649
1475171063,0.8645699999999999,0.86491
1475171063,0.86456,0.86491
1475171064,0.86456,0.86492
1475171064,0.86456,0.86491
1475171064,0.86456,0.8649
1475171065,0.86456,0.86491
1475171066,0.8645699999999999,0.86491
1475171066,0.86456,0.86491
1475171066,0.86456,0.8649
1475171067,0.86456,0.86489
1475171067,0.86456,0.8649
1475171067,0.8645699999999999,0.8649
1475171067,0.8645699999999999,0.86489
1475171067,0.8645699999999999,0.86491
1475171068,0.8645699999999999,0.86492
1475171069,0.8645699999999999,0.86491
1475171069,0.86456,0.8649
1475171069,0.86456,0.86489
1475171070,0.86454,0.86489
1475171070,0.86455,0.86489
1475171072,0.86455,0.8649
1475171072,0.86456,0.8649
1475171072,0.8645699999999999,0.86491
1475171072,0.86456,0.8649
1475171072,0.8645699999999999,0.8649
1475171072,0.8645699999999999,0.86489
1475171072,0.86456,0.8649
1475171072,0.8645699999999999,0.86489
1475171073,0.86456,0.86489
1475171073,0.86456,0.86489
1475171076,0.86456,0.8649
1475171076,0.8645699999999999,0.8649
1475171076,0.86456,0.8649
1475171076,0.8645699999999999,0.86491
1475171076,0.86456,0.86491
1475171076,0.8645699999999999,0.86491
1475171076,0.8645699999999999,0.86492
1475171076,0.86458,0.86492
1475171077,0.86458,0.86493
1475171079,0.86458,0.86492
1475171080,0.8645699999999999,0.86492
1475171081,0.8645699999999999,0.86493
1475171081,0.86458,0.86492
1475171081,0.86458,0.86491
1475171081,0.8645699999999999,0.86491
1475171081,0.8645699999999999,0.8649
1475171082,0.8645699999999999,0.86489
1475171082,0.86456,0.86491
1475171082,0.86456,0.8649
1475171082,0.86456,0.86491
1475171082,0.8645699999999999,0.8649
1475171082,0.8645699999999999,0.86492
1475171084,0.86458,0.86492
1475171084,0.86458,0.86493
1475171084,0.86459,0.86493
1475171084,0.8646,0.86494
1475171084,0.8646,0.86493
1475171084,0.86459,0.86493
1475171085,0.86459,0.86492
1475171086,0.86459,0.86493
1475171086,0.86459,0.86492
1475171087,0.8645699999999999,0.86491
1475171090,0.86456,0.86489
1475171090,0.86456,0.8649
1475171090,0.86456,0.86489
1475171090,0.8645699999999999,0.86492
1475171090,0.86458,0.86492
1475171091,0.8645699999999999,0.86492
1475171091,0.86458,0.86492
1475171091,0.8645699999999999,0.86492
1475171091,0.86458,0.86492
1475171091,0.86459,0.86494
1475171092,0.86458,0.86494
1475171092,0.86459,0.86494
1475171093,0.8646,0.86494
1475171094,0.86459,0.86493
1475171094,0.86459,0.86493
1475171094,0.86459,0.86492
1475171094,0.86459,0.86494
1475171095,0.8646,0.86494
1475171095,0.86459,0.86494
1475171096,0.8646,0.86494
1475171096,0.86459,0.86494
1475171097,0.8646,0.86494
1475171098,0.8646,0.86493
1475171098,0.86459,0.86493
1475171098,0.8646,0.86493
1475171099,0.86459,0.86492
1475171099,0.86459,0.86491
1475171099,0.86459,0.86492
1475171100,0.86458,0.86491
1475171100,0.8645699999999999,0.86491
1475171100,0.8645699999999999,0.8649
1475171101,0.8645699999999999,0.86491
1475171101,0.86456,0.86489
1475171101,0.86456,0.86488
1475171102,0.86455,0.86489
1475171106,0.86455,0.8649
1475171106,0.86456,0.8649
1475171106,0.86455,0.8649
1475171107,0.86455,0.86489
1475171108,0.86456,0.86489
1475171108,0.86455,0.86489
1475171108,0.86455,0.8649
1475171108,0.86456,0.8649
1475171108,0.86455,0.8649
1475171108,0.86455,0.8649
1475171109,0.86455,0.86489
1475171109,0.86454,0.86489
1475171109,0.86455,0.86489
1475171109,0.86456,0.8649
1475171110,0.86456,0.86489
1475171110,0.86455,0.86489
1475171111,0.86455,0.86488
1475171111,0.86456,0.86489
1475171111,0.86455,0.86489
1475171111,0.86455,0.86488
1475171113,0.86454,0.86488
1475171115,0.86455,0.86488
1475171119,0.86455,0.86489
1475171119,0.86455,0.86488
1475171121,0.86455,0.86489
1475171124,0.86455,0.86488
1475171125,0.86455,0.86489
1475171127,0.86455,0.8649
1475171129,0.86455,0.86489
1475171131,0.86455,0.8649
1475171131,0.86456,0.8649
1475171132,0.8645699999999999,0.8649
1475171132,0.86456,0.86489
1475171132,0.86455,0.8649
1475171134,0.86455,0.86489
1475171135,0.86454,0.86489
1475171143,0.86455,0.86489
1475171143,0.86455,0.86488
1475171144,0.86455,0.86489
1475171149,0.86456,0.86489
1475171149,0.86456,0.8649
1475171149,0.8645699999999999,0.8649
1475171151,0.86456,0.8649
1475171152,0.86455,0.86488
1475171152,0.86454,0.86488
1475171153,0.86452,0.86486
1475171153,0.86453,0.86486
1475171153,0.86451,0.86486
1475171153,0.86452,0.86486
1475171154,0.86453,0.86486
1475171154,0.86452,0.86486
1475171154,0.86453,0.86486
1475171154,0.86454,0.86486
1475171154,0.86453,0.86486
1475171158,0.86452,0.86486
1475171159,0.86453,0.86486
1475171160,0.86453,0.86487
1475171161,0.86454,0.86487
1475171161,0.86455,0.86487
1475171161,0.86454,0.86487
1475171161,0.86458,0.86491
1475171161,0.86458,0.86492
1475171161,0.8646,0.86492
1475171161,0.8646,0.86495
1475171161,0.8646,0.86494
1475171162,0.86461,0.86494
1475171162,0.8646,0.86493
1475171163,0.8646,0.86494
1475171163,0.8646,0.86493
1475171163,0.8646,0.86494
1475171163,0.8646,0.86495
1475171164,0.8646,0.86494
1475171164,0.8646,0.86495
1475171164,0.86461,0.86495
1475171165,0.86461,0.86495
1475171167,0.8646,0.86494
1475171167,0.86461,0.86494
1475171168,0.8646,0.86494
1475171168,0.8646,0.86493
1475171169,0.86461,0.86493
1475171170,0.86458,0.86492
1475171170,0.86458,0.86491
1475171170,0.86456,0.86491
1475171170,0.86455,0.86489
1475171171,0.86454,0.86489
1475171171,0.86456,0.86489
1475171171,0.86455,0.86489
1475171171,0.86456,0.86489
1475171172,0.86456,0.8649
1475171173,0.86455,0.8649
1475171173,0.86455,0.8649
1475171174,0.86455,0.86489
1475171178,0.86456,0.8649
1475171178,0.86456,0.86491
1475171178,0.8645699999999999,0.86491
1475171179,0.8645699999999999,0.8649
1475171180,0.86456,0.86489
1475171180,0.86455,0.86489
1475171180,0.86455,0.86488
1475171181,0.86453,0.86488
1475171181,0.86454,0.86488
1475171183,0.86455,0.86488
1475171184,0.86454,0.86488
1475171190,0.86453,0.86488
1475171190,0.86454,0.86488
1475171191,0.86455,0.86489
1475171191,0.86456,0.86489
1475171192,0.8645699999999999,0.86491
1475171192,0.86458,0.86491
1475171192,0.86458,0.86492
1475171194,0.8645699999999999,0.86492
1475171194,0.86458,0.86492
1475171194,0.8645699999999999,0.86492
1475171195,0.8645699999999999,0.86491
1475171195,0.8645699999999999,0.86492
1475171195,0.8645699999999999,0.86492
1475171196,0.8645699999999999,0.86491
1475171197,0.86455,0.8649
1475171197,0.86454,0.86488
1475171197,0.86453,0.86488
1475171198,0.86452,0.86487
1475171198,0.86453,0.86487
1475171198,0.86452,0.86487
1475171198,0.86453,0.86487
1475171199,0.86452,0.86487
1475171199,0.86453,0.86487
1475171199,0.86452,0.86487
1475171200,0.86453,0.86487
1475171202,0.86454,0.86487
1475171202,0.86455,0.86487
1475171202,0.86454,0.86487
1475171202,0.86455,0.86487
1475171202,0.86454,0.86487
1475171202,0.86455,0.86487
1475171203,0.86454,0.86487
1475171203,0.86454,0.86488
1475171203,0.86455,0.86488
1475171204,0.86454,0.86488
1475171204,0.86454,0.86487
1475171204,0.86453,0.86487
1475171204,0.86452,0.86486
1475171205,0.86451,0.86486
1475171205,0.86452,0.86486
1475171206,0.86452,0.86486
1475171206,0.86452,0.86486
1475171206,0.86451,0.86486
1475171206,0.86452,0.86486
1475171208,0.86452,0.86485
1475171208,0.86452,0.86486
1475171208,0.86452,0.86485
1475171209,0.86452,0.86486
1475171212,0.86451,0.86486
1475171212,0.86452,0.86486
1475171218,0.86452,0.86485
1475171218,0.86452,0.8648400000000001
1475171221,0.86451,0.8648400000000001
1475171222,0.86452,0.8648400000000001
1475171226,0.86454,0.86488
1475171226,0.86454,0.86488
1475171229,0.86455,0.86488
1475171230,0.8645699999999999,0.8649
1475171230,0.8645699999999999,0.8649
1475171232,0.86456,0.8649
1475171232,0.8645699999999999,0.8649
1475171233,0.8645699999999999,0.86491
1475171233,0.8646,0.86494
1475171234,0.86459,0.86494
1475171235,0.86459,0.86493
1475171235,0.8646,0.86493
1475171235,0.86461,0.86495
1475171236,0.8646200000000001,0.86495
1475171236,0.8646200000000001,0.86496
1475171237,0.8646200000000001,0.86495
1475171238,0.86461,0.86495
1475171241,0.8646,0.86495
1475171241,0.86461,0.86494
1475171243,0.8646,0.86494
1475171246,0.86461,0.86494
1475171247,0.8646,0.86494
1475171247,0.86461,0.86494
1475171249,0.8646,0.86494
1475171254,0.86461,0.86494
1475171254,0.8646,0.86494
1475171255,0.86459,0.86493
1475171255,0.8646,0.86493
1475171256,0.86461,0.86493
1475171259,0.86461,0.86493
1475171259,0.86461,0.86493
1475171260,0.86461,0.86493
1475171260,0.86461,0.86494
1475171261,0.86461,0.86494
1475171261,0.8646200000000001,0.86494
1475171262,0.86461,0.86494
1475171262,0.8646200000000001,0.86494
1475171263,0.86461,0.86494
1475171263,0.8646,0.86493
1475171263,0.86459,0.86492
1475171263,0.86458,0.86492
1475171264,0.8645699999999999,0.86492
1475171264,0.8645699999999999,0.86491
1475171265,0.8645699999999999,0.86489
1475171267,0.86456,0.86489
1475171267,0.86455,0.86489
1475171267,0.86455,0.86488
1475171267,0.86454,0.86488
1475171267,0.86453,0.86487
1475171267,0.86453,0.86486
1475171268,0.86454,0.86486
1475171268,0.86455,0.86487
1475171269,0.8645699999999999,0.86489
1475171269,0.8645699999999999,0.86489
1475171269,0.8645699999999999,0.8649
1475171272,0.86458,0.86491
1475171274,0.86456,0.8649
1475171275,0.86456,0.8649
1475171275,0.86451,0.86483
1475171275,0.8645,0.86483
1475171275,0.86448,0.8648
1475171275,0.86447,0.8648
1475171275,0.86448,0.8648
1475171276,0.86447,0.8648
1475171276,0.86449,0.86482
1475171277,0.8645,0.86482
1475171277,0.86449,0.86482
1475171280,0.86449,0.86482
1475171281,0.8645,0.86482
1475171281,0.86451,0.86483
1475171281,0.8645,0.86483
1475171282,0.8645,0.8648400000000001
1475171286,0.8645,0.8648400000000001
1475171286,0.8645,0.8648400000000001
1475171286,0.8645,0.86483
1475171286,0.86449,0.86483
1475171287,0.86443,0.86478
1475171290,0.86444,0.8647899999999999
1475171290,0.8644500000000001,0.8647899999999999
1475171291,0.86444,0.8647899999999999
1475171291,0.86444,0.86477
1475171292,0.86444,0.86477
1475171292,0.86443,0.86476
1475171292,0.86443,0.86475
1475171292,0.86441,0.86475
1475171293,0.86441,0.86475
1475171293,0.86441,0.86473
1475171293,0.86442,0.86473
1475171293,0.86442,0.86475
1475171293,0.86444,0.86477
1475171293,0.86442,0.86477
1475171293,0.86442,0.86475
1475171293,0.86439,0.86474
1475171293,0.8643999999999999,0.86474
1475171293,0.8643999999999999,0.86475
1475171294,0.86442,0.86476
1475171294,0.86441,0.86476
1475171295,0.86443,0.86478
1475171295,0.86442,0.86476
1475171295,0.86441,0.86476
1475171295,0.86442,0.86476
1475171295,0.86442,0.86477
1475171296,0.8643999999999999,0.86475
1475171296,0.86442,0.86475
1475171296,0.86442,0.86476
1475171297,0.86442,0.86477
1475171297,0.86443,0.86477
1475171297,0.86443,0.86476
1475171297,0.86447,0.86482
1475171297,0.86448,0.86482
1475171298,0.86449,0.86482
1475171298,0.86449,0.86483
1475171299,0.86448,0.86481
1475171299,0.86447,0.86481
1475171299,0.86447,0.8648
1475171299,0.86446,0.8648
1475171299,0.86447,0.8648
1475171300,0.86449,0.8648
1475171300,0.86449,0.86481
1475171301,0.86448,0.86482
1475171301,0.86449,0.86482
1475171301,0.8645,0.86482
1475171302,0.8645,0.8648400000000001
1475171302,0.86449,0.8648400000000001
1475171302,0.86452,0.8648400000000001
1475171302,0.86452,0.86483
1475171303,0.86451,0.86483
1475171303,0.86451,0.8648400000000001
1475171303,0.86452,0.86483
1475171303,0.86452,0.86483
1475171304,0.86451,0.86485
1475171304,0.8645,0.86485
1475171305,0.86452,0.86485
1475171305,0.86456,0.86489
1475171305,0.86455,0.86489
1475171306,0.86454,0.86489
1475171306,0.86455,0.86489
1475171308,0.86454,0.86489
1475171309,0.86455,0.86489
1475171309,0.86454,0.86489
1475171311,0.86454,0.86486
1475171312,0.86452,0.86485
1475171312,0.86451,0.8648400000000001
1475171312,0.86447,0.86483
1475171312,0.86451,0.86487
1475171313,0.8645,0.86487
1475171314,0.86453,0.86487
1475171314,0.86453,0.86488
1475171314,0.86454,0.86488
1475171314,0.86456,0.8649
1475171315,0.86458,0.86492
1475171316,0.86458,0.86493
1475171317,0.86458,0.86493
1475171317,0.86458,0.86492
1475171317,0.8645699999999999,0.86491
1475171317,0.86454,0.86488
1475171317,0.86454,0.86487
1475171318,0.86454,0.86488
1475171318,0.86455,0.86489
1475171318,0.86455,0.86487
1475171319,0.86454,0.86488
1475171319,0.86454,0.86489
1475171319,0.86455,0.86489
1475171319,0.86453,0.86488
1475171319,0.86453,0.86487
1475171319,0.86452,0.86486
1475171320,0.86453,0.86485
1475171320,0.86452,0.86486
1475171320,0.86452,0.86487
1475171320,0.86454,0.86488
1475171320,0.86456,0.86488
1475171321,0.86454,0.86488
1475171321,0.86453,0.86486
1475171321,0.86453,0.86487
1475171321,0.86453,0.86486
1475171321,0.86455,0.86487
1475171321,0.86455,0.86488
1475171322,0.86456,0.86489
1475171322,0.86455,0.86488
1475171322,0.86454,0.86487
1475171323,0.86456,0.86489
1475171323,0.86455,0.8649
1475171323,0.86456,0.8649
1475171323,0.8645699999999999,0.8649
1475171324,0.86456,0.8649
1475171324,0.86456,0.8649
1475171325,0.86455,0.8649
1475171325,0.86455,0.86489
1475171325,0.86453,0.86488
1475171325,0.86453,0.86489
1475171326,0.86454,0.86489
1475171326,0.86455,0.86489
1475171326,0.86454,0.86489
1475171327,0.86455,0.86489
1475171330,0.86454,0.86489
1475171330,0.86453,0.86488
1475171330,0.86453,0.86487
1475171331,0.86454,0.86489
1475171331,0.86455,0.8649
1475171332,0.86455,0.86489
1475171332,0.86454,0.86489
1475171332,0.86454,0.86488
1475171332,0.86454,0.86489
1475171333,0.86454,0.86488
1475171333,0.86452,0.86487
1475171333,0.86454,0.86489
1475171334,0.86455,0.86489
1475171335,0.86454,0.86489
1475171335,0.86455,0.86489
1475171335,0.86454,0.86489
1475171335,0.86455,0.8649
1475171336,0.86454,0.8649
1475171336,0.86454,0.86489
1475171336,0.86453,0.86487
1475171337,0.86452,0.86487
1475171337,0.86452,0.86486
1475171337,0.86451,0.86486
1475171337,0.86452,0.86487
1475171338,0.86451,0.86486
1475171338,0.86452,0.86486
1475171339,0.86451,0.86486
1475171339,0.86452,0.86487
1475171340,0.86452,0.86486
1475171340,0.86452,0.86487
1475171340,0.86451,0.86486
1475171340,0.86452,0.86486
1475171340,0.86452,0.86487
1475171341,0.86452,0.86486
1475171341,0.86454,0.86487
1475171341,0.86458,0.86491
1475171341,0.86458,0.86491
1475171341,0.8645699999999999,0.86491
1475171342,0.86456,0.8649
1475171342,0.86456,0.86491
1475171342,0.86456,0.8649
1475171342,0.86453,0.86489
1475171342,0.86453,0.86487
1475171342,0.86452,0.86487
1475171343,0.86453,0.86487
1475171343,0.86453,0.86487
1475171343,0.86452,0.86487
1475171343,0.86451,0.86486
1475171343,0.86452,0.86486
1475171344,0.86451,0.86486
1475171344,0.86452,0.86486
1475171345,0.86451,0.86486
1475171346,0.86454,0.86487
1475171346,0.86453,0.86487
1475171347,0.86453,0.86488
1475171347,0.86454,0.86488
1475171347,0.86454,0.86489
1475171347,0.86455,0.86489
1475171347,0.86455,0.86491
1475171348,0.8645699999999999,0.8649
1475171348,0.8645699999999999,0.8649
1475171348,0.86455,0.8649
1475171349,0.86453,0.86487
1475171349,0.86453,0.86487
1475171349,0.86451,0.86486
1475171350,0.86452,0.86486
1475171351,0.86453,0.86486
1475171351,0.86451,0.86486
1475171351,0.86451,0.86485
1475171351,0.8645,0.86485
1475171352,0.86451,0.86485
1475171352,0.86452,0.86486
1475171354,0.86453,0.86486
1475171354,0.86453,0.86487
1475171355,0.86454,0.86487
1475171355,0.86452,0.86487
1475171355,0.86451,0.86486
1475171355,0.86451,0.86486
1475171355,0.86452,0.86486
1475171355,0.86452,0.86487
1475171355,0.86451,0.86487
1475171356,0.86451,0.86486
1475171356,0.86451,0.86485
1475171356,0.8645,0.86486
1475171357,0.86451,0.86486
1475171357,0.86452,0.86486
1475171357,0.86451,0.86486
1475171360,0.86451,0.86485
1475171360,0.8645,0.86485
1475171360,0.86451,0.86486
1475171361,0.8645,0.86485
1475171362,0.86451,0.86486
1475171362,0.8645,0.86485
1475171362,0.86452,0.86487
1475171366,0.86453,0.86487
1475171366,0.86452,0.86487
1475171366,0.86453,0.86487
1475171367,0.86452,0.86487
1475171371,0.86452,0.86486
1475171371,0.86451,0.86486
1475171371,0.86451,0.86485
1475171373,0.8645,0.8648400000000001
1475171373,0.86449,0.8648400000000001
1475171373,0.86449,0.86482
1475171374,0.86448,0.86482
1475171374,0.86448,0.86483
1475171374,0.86447,0.86483
1475171374,0.86448,0.86483
1475171378,0.86448,0.86482
1475171379,0.86447,0.86482
1475171379,0.86447,0.86483
1475171382,0.86449,0.86483
1475171382,0.86449,0.8648400000000001
1475171382,0.8645,0.86485
1475171383,0.86451,0.86486
1475171383,0.86451,0.86486
1475171384,0.86452,0.86486
1475171386,0.86451,0.86486
1475171386,0.86452,0.86486
1475171386,0.86452,0.86485
1475171387,0.86451,0.86485
1475171388,0.8645,0.86486
1475171389,0.86451,0.86486
1475171389,0.8645,0.86485
1475171390,0.86448,0.86483
1475171391,0.86448,0.86483
1475171392,0.86448,0.86481
1475171392,0.86447,0.8648
1475171393,0.86446,0.86481
1475171393,0.86446,0.8648
1475171395,0.8644500000000001,0.8648
1475171400,0.86446,0.8648
1475171400,0.86448,0.86481
1475171401,0.86448,0.86483
1475171401,0.86449,0.86483
1475171401,0.86449,0.86485
1475171401,0.8645,0.8648400000000001
1475171402,0.86451,0.86485
1475171402,0.86451,0.86486
1475171402,0.86451,0.86486
1475171402,0.86453,0.86487
1475171403,0.86452,0.86488
1475171404,0.86452,0.86487
1475171404,0.86452,0.86486
1475171404,0.86452,0.86487
1475171404,0.86453,0.86488
1475171405,0.86453,0.86487
1475171406,0.86453,0.86488
1475171407,0.86454,0.86489
1475171407,0.86455,0.8649
1475171408,0.86455,0.86491
1475171408,0.86456,0.8649
1475171408,0.86455,0.8649
1475171409,0.86455,0.86488
1475171409,0.86453,0.86488
1475171409,0.86453,0.86487
1475171409,0.86452,0.86487
1475171409,0.86452,0.86486
1475171409,0.86452,0.86487
1475171410,0.86453,0.86488
1475171410,0.86453,0.86487
1475171410,0.86452,0.8648400000000001
1475171411,0.86448,0.86482
1475171411,0.86449,0.86482
1475171411,0.86448,0.86482
1475171413,0.8645,0.8648400000000001
1475171413,0.8645,0.86485
1475171413,0.86451,0.86485
1475171413,0.86452,0.86485
1475171414,0.86452,0.86487
1475171414,0.86452,0.86486
1475171414,0.8645,0.86485
1475171415,0.86449,0.8648400000000001
1475171415,0.86449,0.8648400000000001
1475171415,0.86449,0.86483
1475171415,0.86449,0.8648400000000001
1475171415,0.86448,0.8648400000000001
1475171415,0.86449,0.8648400000000001
1475171415,0.86449,0.86483
1475171415,0.86449,0.8648400000000001
1475171416,0.8645,0.8648400000000001
1475171416,0.8645,0.86485
1475171416,0.86451,0.86485
1475171417,0.86452,0.86487
1475171417,0.86452,0.86488
1475171417,0.86454,0.86488
1475171419,0.86455,0.86488
1475171419,0.86454,0.86488
1475171419,0.86453,0.86488
1475171419,0.86452,0.86487
1475171419,0.86452,0.86486
1475171420,0.86452,0.86487
1475171420,0.86452,0.86486
1475171420,0.86453,0.86486
1475171420,0.86453,0.86488
1475171420,0.86453,0.86488
1475171420,0.86453,0.86488
1475171420,0.86454,0.86488
1475171422,0.86453,0.86488
1475171422,0.86454,0.86488
1475171423,0.86453,0.86488
1475171425,0.86454,0.86488
1475171425,0.86453,0.86487
1475171426,0.86452,0.86487
1475171427,0.86454,0.86488
1475171428,0.86455,0.86489
1475171428,0.86455,0.86489
1475171428,0.86454,0.86489
1475171429,0.86455,0.86489
1475171430,0.86454,0.86489
1475171431,0.86455,0.86489
1475171431,0.86455,0.8649
1475171432,0.86456,0.86491
1475171432,0.8645699999999999,0.86491
1475171434,0.86456,0.86491
1475171435,0.86455,0.86491
1475171435,0.86455,0.86489
1475171435,0.86454,0.86489
1475171435,0.86455,0.8649
1475171435,0.86455,0.8649
1475171435,0.8645699999999999,0.8649
1475171435,0.86456,0.8649
1475171436,0.86456,0.86491
1475171436,0.8645699999999999,0.86492
1475171436,0.86458,0.86492
1475171437,0.86456,0.86491
1475171437,0.86456,0.8649
1475171438,0.86454,0.8649
1475171439,0.86456,0.86491
1475171439,0.86455,0.86491
1475171440,0.86456,0.86491
1475171440,0.86456,0.8649
1475171440,0.86456,0.86489
1475171441,0.86455,0.86488
1475171443,0.86455,0.86489
1475171443,0.86455,0.8649
1475171443,0.86456,0.86491
1475171443,0.8645699999999999,0.86491
1475171443,0.86456,0.86491
1475171443,0.86456,0.8649
1475171443,0.86455,0.86489
1475171444,0.86455,0.8649
1475171444,0.86455,0.86489
1475171444,0.86456,0.86491
1475171444,0.86455,0.86491
1475171444,0.86456,0.86491
1475171446,0.86456,0.8649
1475171446,0.86456,0.86491
1475171447,0.8645699999999999,0.86491
1475171448,0.86456,0.86491
1475171448,0.86456,0.86491
1475171448,0.86456,0.8649
1475171449,0.86456,0.86491
1475171449,0.86456,0.8649
1475171449,0.86456,0.86489
1475171449,0.86455,0.86487
1475171449,0.86454,0.86488
1475171450,0.86454,0.86489
1475171451,0.86454,0.86488
1475171452,0.86454,0.86487
1475171452,0.86454,0.86487
1475171453,0.86454,0.86488
1475171455,0.86454,0.86489
1475171455,0.86454,0.86488
1475171455,0.86454,0.86487
1475171455,0.86453,0.86487
1475171456,0.86452,0.86487
1475171456,0.86451,0.86487
1475171457,0.86451,0.86486
1475171459,0.86451,0.86485
1475171459,0.86452,0.86486
1475171460,0.86452,0.86485
1475171460,0.86452,0.86486
1475171460,0.86452,0.86487
1475171460,0.86452,0.86486
1475171460,0.86452,0.86486
1475171461,0.86451,0.86485
1475171461,0.86451,0.8648400000000001
1475171462,0.86451,0.86485
1475171462,0.86451,0.8648400000000001
1475171463,0.86451,0.8648400000000001
1475171463,0.86451,0.86485
1475171464,0.86451,0.86486
1475171465,0.86455,0.86487
1475171465,0.86451,0.86486
1475171466,0.86451,0.86485
1475171466,0.86451,0.86486
1475171467,0.86451,0.86485
1475171468,0.8645,0.86485
1475171468,0.8645,0.8648400000000001
1475171468,0.86449,0.8648400000000001
1475171476,0.86449,0.86485
1475171476,0.86452,0.86486
1475171477,0.86451,0.86486
1475171477,0.86452,0.86486
1475171478,0.86452,0.86486
1475171478,0.86452,0.86486
1475171478,0.86452,0.86487
1475171479,0.86452,0.86486
1475171480,0.86451,0.86486
1475171480,0.8645,0.86486
1475171480,0.86451,0.86486
1475171481,0.8645,0.86485
1475171481,0.86451,0.86485
1475171481,0.8645,0.86485
1475171483,0.86451,0.86485
1475171483,0.8645,0.86485
1475171483,0.8645,0.8648400000000001
1475171483,0.86448,0.86481
1475171483,0.86448,0.86482
1475171484,0.86446,0.86481
1475171484,0.86447,0.86481
1475171485,0.86446,0.86481
1475171487,0.86447,0.86482
1475171487,0.86448,0.86483
1475171488,0.86448,0.86482
1475171489,0.86447,0.86482
1475171489,0.86448,0.86482
1475171491,0.86449,0.86483
1475171492,0.86448,0.86481
1475171492,0.86447,0.86481
1475171492,0.86446,0.86481
1475171492,0.86447,0.86481
1475171492,0.86447,0.86482
1475171493,0.86447,0.86481
1475171493,0.86446,0.86481
1475171495,0.86447,0.86481
1475171495,0.86446,0.86481
1475171495,0.86447,0.86481
1475171496,0.86446,0.86481
1475171496,0.86447,0.86481
1475171496,0.86447,0.86482
1475171496,0.8645,0.8648400000000001
1475171496,0.86451,0.8648400000000001
1475171497,0.86451,0.86486
1475171499,0.8645,0.86485
1475171499,0.8645,0.86485
1475171499,0.8645,0.8648400000000001
1475171499,0.86452,0.86486
1475171499,0.86453,0.86486
1475171500,0.86452,0.86486
1475171500,0.86452,0.86487
1475171500,0.86452,0.86486
1475171503,0.86453,0.86488
1475171503,0.86453,0.86488
1475171504,0.86454,0.86488
1475171504,0.86454,0.86489
1475171504,0.86454,0.86489
1475171504,0.86454,0.86489
1475171505,0.86453,0.86489
1475171505,0.86454,0.86489
1475171505,0.86454,0.86489
1475171506,0.86455,0.8649
1475171506,0.86456,0.86491
1475171506,0.8645699999999999,0.86492
1475171506,0.8645699999999999,0.86492
1475171506,0.86458,0.86492
1475171507,0.86456,0.86491
1475171508,0.8645699999999999,0.86491
1475171508,0.8645699999999999,0.86492
1475171509,0.86458,0.86492
1475171509,0.86458,0.86493
1475171510,0.86459,0.86494
1475171510,0.86461,0.86496
1475171510,0.8646200000000001,0.86497
1475171510,0.86458,0.86493
1475171511,0.86458,0.86492
1475171511,0.86458,0.86492
1475171511,0.86458,0.86492
1475171511,0.8645699999999999,0.86492
1475171512,0.86458,0.86493
1475171512,0.86458,0.86492
1475171512,0.8645699999999999,0.86492
1475171512,0.8645699999999999,0.86491
1475171512,0.8645699999999999,0.86492
1475171512,0.86456,0.86491
1475171512,0.8645699999999999,0.86492
1475171512,0.86458,0.86493
1475171513,0.86458,0.86492
1475171513,0.86458,0.86493
1475171514,0.8645699999999999,0.86492
1475171514,0.8645699999999999,0.86491
1475171514,0.86458,0.86491
1475171515,0.86458,0.86492
1475171515,0.86458,0.86492
1475171515,0.86459,0.86494
1475171515,0.86459,0.86493
1475171516,0.8645699999999999,0.86493
1475171516,0.8645699999999999,0.86492
1475171517,0.86458,0.86492
1475171518,0.86458,0.86493
1475171518,0.86458,0.86492
1475171518,0.86458,0.86493
1475171519,0.8645699999999999,0.86492
1475171520,0.86458,0.86492
1475171520,0.8645699999999999,0.86492
1475171521,0.86458,0.86492
1475171521,0.8645699999999999,0.86491
1475171522,0.86456,0.86491
1475171522,0.8645699999999999,0.86491
1475171523,0.8645699999999999,0.8649
1475171524,0.8645699999999999,0.86491
1475171524,0.86456,0.86491
1475171524,0.86458,0.86491
1475171524,0.86458,0.86492
1475171526,0.86458,0.86493
1475171527,0.86458,0.86492
1475171529,0.86458,0.86493
1475171529,0.86458,0.86492
1475171529,0.86458,0.86491
1475171529,0.86458,0.86492
1475171530,0.86459,0.86493
1475171530,0.8646,0.86493
1475171530,0.86458,0.86493
1475171530,0.86459,0.86493
1475171535,0.86459,0.86494
1475171535,0.86459,0.86493
1475171535,0.86459,0.86492
1475171536,0.86459,0.86493
1475171536,0.86459,0.86494
1475171536,0.86459,0.86493
1475171542,0.86458,0.86493
1475171542,0.86458,0.86492
1475171542,0.86458,0.86491
1475171542,0.8645699999999999,0.8649
1475171544,0.86455,0.86487
1475171544,0.86455,0.86488
1475171544,0.86454,0.86488
1475171544,0.86455,0.86489
1475171547,0.86454,0.86489
1475171547,0.86456,0.8649
1475171549,0.86455,0.86488
1475171549,0.86455,0.86487
1475171549,0.86453,0.86487
1475171549,0.86453,0.86488
1475171549,0.86453,0.86487
1475171550,0.86453,0.86488
1475171550,0.86454,0.86488
1475171550,0.86453,0.86488
1475171551,0.86454,0.86489
1475171553,0.86453,0.86489
1475171553,0.86456,0.86489
1475171553,0.86456,0.86488
1475171555,0.86455,0.86488
1475171555,0.86454,0.86488
1475171555,0.86454,0.86489
1475171555,0.86454,0.86488
1475171555,0.86454,0.86489
1475171555,0.86453,0.86488
1475171556,0.86453,0.86487
1475171556,0.86453,0.86488
1475171558,0.86454,0.86488
1475171558,0.86454,0.86487
1475171560,0.86454,0.86488
1475171560,0.86454,0.86489
1475171560,0.86455,0.86489
1475171560,0.86456,0.86489
1475171561,0.86456,0.86488
1475171561,0.86456,0.86489
1475171561,0.86455,0.86488
1475171561,0.86453,0.86487
1475171562,0.86452,0.8648400000000001
1475171562,0.86451,0.86483
1475171562,0.86447,0.86481
1475171562,0.86448,0.86481
1475171562,0.86447,0.86481
1475171563,0.86447,0.86482
1475171563,0.86449,0.86483
1475171563,0.8645,0.86483
1475171564,0.8645,0.8648400000000001
1475171566,0.86449,0.86483
1475171566,0.86449,0.8648400000000001
1475171566,0.8645,0.8648400000000001
1475171566,0.8645,0.86486
1475171567,0.86454,0.86488
1475171567,0.86454,0.86487
1475171567,0.86453,0.86487
1475171567,0.86454,0.86487
1475171567,0.86454,0.86488
1475171569,0.86454,0.86487
1475171570,0.86454,0.86487
1475171571,0.86453,0.86487
1475171571,0.86454,0.86487
1475171572,0.86454,0.86488
1475171572,0.86456,0.86488
1475171572,0.86456,0.86489
1475171572,0.86456,0.86488
1475171573,0.86456,0.86489
1475171573,0.86456,0.8649
1475171573,0.86458,0.8649
1475171573,0.86458,0.86491
1475171573,0.86458,0.86493
1475171575,0.86458,0.86492
1475171576,0.86459,0.86493
1475171576,0.8645699999999999,0.8649
1475171578,0.8645699999999999,0.86491
1475171582,0.8645699999999999,0.8649
1475171582,0.86456,0.86489
1475171582,0.86455,0.86489
1475171582,0.86454,0.86488
1475171582,0.86454,0.86487
1475171583,0.86454,0.86487
1475171583,0.86454,0.86488
1475171583,0.86455,0.8649
1475171583,0.86456,0.86489
1475171584,0.86454,0.86487
1475171585,0.86454,0.86488
1475171585,0.86454,0.86489
1475171585,0.86454,0.86488
1475171585,0.86454,0.86489
1475171585,0.86454,0.86488
1475171585,0.86455,0.86489
1475171586,0.86455,0.86487
1475171586,0.86454,0.86487
1475171586,0.86453,0.86487
1475171586,0.86453,0.86486
1475171586,0.86452,0.86486
1475171589,0.86454,0.86486
1475171589,0.86453,0.86487
1475171589,0.86454,0.86488
1475171590,0.86453,0.86488
1475171590,0.86455,0.86489
1475171590,0.86455,0.8649
1475171590,0.86456,0.8649
1475171591,0.86455,0.8649
1475171591,0.8645699999999999,0.8649
1475171591,0.86455,0.8649
1475171591,0.86456,0.8649
1475171592,0.86456,0.86491
1475171592,0.8645699999999999,0.86491
1475171593,0.8645699999999999,0.86489
1475171593,0.8645699999999999,0.86487
1475171594,0.86455,0.86488
1475171594,0.86455,0.86489
1475171594,0.86455,0.86488
1475171594,0.86453,0.86488
1475171594,0.86453,0.86489
1475171595,0.86455,0.86488
1475171595,0.86455,0.86489
1475171595,0.86454,0.86489
1475171595,0.86454,0.86488
1475171595,0.86454,0.86489
1475171596,0.86453,0.86487
1475171596,0.86453,0.86486
1475171596,0.86453,0.86487
1475171597,0.86453,0.86488
1475171597,0.86455,0.86489
1475171597,0.86456,0.86491
1475171598,0.86454,0.86489
1475171598,0.86454,0.86488
1475171599,0.86454,0.86489
1475171599,0.86456,0.8649
1475171599,0.86455,0.86488
1475171599,0.86454,0.86489
1475171600,0.86453,0.86488
1475171600,0.86453,0.86487
1475171601,0.86452,0.86486
1475171602,0.86452,0.86487
1475171603,0.86453,0.86488
1475171603,0.86454,0.86488
1475171604,0.86455,0.86489
1475171605,0.86455,0.8649
1475171605,0.86455,0.86489
1475171606,0.8645699999999999,0.86491
1475171606,0.8645699999999999,0.8649
1475171606,0.86456,0.8649
1475171606,0.86456,0.86488
1475171606,0.86452,0.86487
1475171606,0.86452,0.86487
1475171606,0.86454,0.86488
1475171606,0.86455,0.86488
1475171607,0.86455,0.8649
1475171607,0.86456,0.8649
1475171607,0.86455,0.8649
1475171607,0.86456,0.8649
1475171609,0.8645699999999999,0.8649
1475171609,0.8645699999999999,0.86491
1475171610,0.86456,0.86491
1475171610,0.86454,0.86489
1475171611,0.86455,0.86489
1475171612,0.86454,0.86488
1475171612,0.86453,0.86487
1475171612,0.86452,0.86487
1475171612,0.86454,0.86488
1475171612,0.86453,0.86488
1475171612,0.86453,0.86487
1475171613,0.86454,0.86488
1475171613,0.86453,0.86488
1475171613,0.86454,0.86488
1475171613,0.86455,0.86488
1475171614,0.86454,0.86488
1475171614,0.86454,0.86489
1475171614,0.86454,0.86488
1475171614,0.86454,0.86489
1475171614,0.86455,0.86488
1475171615,0.86454,0.86488
1475171615,0.86453,0.86488
1475171616,0.86453,0.86487
1475171616,0.86451,0.86485
1475171617,0.86449,0.86482
1475171617,0.86449,0.86481
1475171617,0.86449,0.86482
1475171617,0.86451,0.8648400000000001
1475171617,0.8645,0.8648400000000001
1475171618,0.86451,0.86485
1475171618,0.86452,0.86485
1475171619,0.86453,0.86485
1475171619,0.86456,0.86489
1475171619,0.86456,0.8649
1475171619,0.8645699999999999,0.8649
1475171620,0.86454,0.86488
1475171620,0.86454,0.86488
1475171620,0.86453,0.86488
1475171620,0.86454,0.86486
1475171621,0.86453,0.86486
1475171621,0.86453,0.86486
1475171621,0.86443,0.86477
1475171621,0.86442,0.86476
1475171622,0.86442,0.86477
1475171622,0.86442,0.86476
1475171622,0.86442,0.86477
1475171622,0.86443,0.86477
1475171622,0.86443,0.86478
1475171624,0.86443,0.86477
1475171625,0.86443,0.86478
1475171626,0.86442,0.86477
1475171627,0.8643999999999999,0.86475
1475171627,0.8643999999999999,0.86473
1475171627,0.8643999999999999,0.86472
1475171627,0.86443,0.86475
1475171627,0.86443,0.86476
1475171628,0.86442,0.86476
1475171628,0.86443,0.86476
1475171628,0.86443,0.86477
1475171629,0.86444,0.86477
1475171629,0.86442,0.86476
1475171629,0.86442,0.86476
1475171630,0.86442,0.86477
1475171632,0.86443,0.86477
1475171632,0.86442,0.86477
1475171632,0.86441,0.86477
1475171632,0.86441,0.86476
1475171633,0.86441,0.86474
1475171635,0.8643999999999999,0.86474
1475171635,0.86438,0.86473
1475171636,0.86437,0.86471
1475171636,0.86435,0.86469
1475171636,0.86435,0.8647
1475171636,0.86435,0.86469
1475171637,0.86435,0.8647
1475171637,0.86437,0.8647
1475171637,0.86436,0.8647
1475171638,0.86437,0.86471
1475171639,0.86437,0.86472
1475171639,0.86438,0.86472
1475171639,0.86439,0.86473
1475171639,0.86439,0.86472
1475171640,0.8643999999999999,0.86472
1475171640,0.86441,0.86474
1475171640,0.86442,0.86474
1475171640,0.86441,0.86474
1475171641,0.86442,0.86476
1475171641,0.86442,0.86475
1475171642,0.86441,0.86474
1475171642,0.86436,0.8647
1475171642,0.86434,0.86469
1475171642,0.86433,0.86467
1475171643,0.86436,0.86469
1475171643,0.86436,0.86471
1475171644,0.86437,0.86471
1475171644,0.86438,0.86473
1475171644,0.86437,0.86473
1475171644,0.86438,0.86473
1475171645,0.86437,0.86472
1475171645,0.86437,0.86472
1475171645,0.86436,0.86472
1475171645,0.86436,0.86471
1475171645,0.86439,0.86471
1475171646,0.86439,0.86473
1475171646,0.8643999999999999,0.86473
1475171646,0.86439,0.86473
1475171646,0.86439,0.86474
1475171648,0.86439,0.86473
1475171648,0.86438,0.86473
1475171649,0.86437,0.86471
1475171649,0.86434,0.86469
1475171649,0.86435,0.86469
1475171649,0.86435,0.8647
1475171649,0.86436,0.8647
1475171650,0.86435,0.8647
1475171652,0.86436,0.8647
1475171653,0.86437,0.8647
1475171653,0.86436,0.8647
1475171653,0.86437,0.8647
1475171653,0.86436,0.8647
1475171653,0.86437,0.86471
1475171653,0.86439,0.86473
1475171654,0.86441,0.86474
1475171655,0.8643999999999999,0.86474
1475171655,0.86439,0.86474
1475171655,0.8643999999999999,0.86474
1475171655,0.86439,0.86473
1475171655,0.86438,0.86473
1475171655,0.86436,0.8647
1475171656,0.86435,0.8647
1475171656,0.86435,0.86469
1475171656,0.86434,0.8647
1475171656,0.86434,0.86469
1475171657,0.86435,0.8647
1475171657,0.86436,0.8647
1475171657,0.86437,0.86471
1475171657,0.86437,0.86472
1475171658,0.86437,0.8647
1475171658,0.86437,0.86471
1475171660,0.86435,0.86472
1475171660,0.86437,0.86472
1475171661,0.86438,0.86473
1475171661,0.86438,0.86473
1475171661,0.8643999999999999,0.86475
1475171661,0.8643999999999999,0.86474
1475171662,0.86441,0.86475
1475171663,0.86441,0.86476
1475171663,0.86443,0.86477
1475171663,0.86443,0.86476
1475171663,0.86442,0.86477
1475171663,0.86442,0.86476
1475171665,0.86442,0.86477
1475171665,0.86442,0.86476
1475171666,0.86442,0.86475
1475171667,0.86441,0.86475
1475171668,0.86441,0.86474
1475171669,0.86441,0.86475
1475171670,0.8643999999999999,0.86475
1475171670,0.86442,0.86475
1475171670,0.86441,0.86475
1475171670,0.86439,0.86474
1475171671,0.86439,0.86473
1475171671,0.86439,0.86472
1475171671,0.86439,0.86473
1475171671,0.86441,0.86475
1475171672,0.86441,0.86477
1475171672,0.86443,0.86477
1475171672,0.86444,0.86478
1475171672,0.86444,0.86478
1475171672,0.86443,0.86477
1475171673,0.86442,0.86476
1475171673,0.86441,0.86476
1475171673,0.86442,0.86476
1475171673,0.86443,0.86478
1475171673,0.86443,0.8647899999999999
1475171673,0.86443,0.86477
1475171674,0.86442,0.86477
1475171675,0.86441,0.86477
1475171675,0.86442,0.86477
1475171675,0.86442,0.86476
1475171675,0.86442,0.86475
1475171675,0.86441,0.86475
1475171676,0.86442,0.86475
1475171676,0.86442,0.86476
1475171676,0.86442,0.86477
1475171676,0.86442,0.86476
1475171676,0.86441,0.86475
1475171677,0.86441,0.86474
1475171677,0.86441,0.86475
1475171677,0.86441,0.86476
1475171677,0.86442,0.86475
1475171677,0.86441,0.86476
1475171677,0.86441,0.86475
1475171678,0.86441,0.86475
1475171678,0.86441,0.86475
1475171678,0.86441,0.86476
1475171678,0.86442,0.86476
1475171679,0.86442,0.86477
1475171679,0.86442,0.86476
1475171679,0.86442,0.86477
1475171680,0.86443,0.86477
1475171682,0.86443,0.86478
1475171683,0.8644500000000001,0.86478
1475171684,0.86444,0.86478
1475171684,0.86444,0.8647899999999999
1475171684,0.8644500000000001,0.8647899999999999
1475171684,0.86449,0.8648400000000001
1475171684,0.86449,0.86485
1475171684,0.86448,0.86482
1475171684,0.86448,0.86483
1475171684,0.86449,0.86483
1475171685,0.86449,0.86485
1475171686,0.86448,0.8648400000000001
1475171686,0.86449,0.86485
1475171686,0.8645,0.86485
1475171686,0.86451,0.86485
1475171687,0.86452,0.86486
1475171687,0.86453,0.86486
1475171687,0.86453,0.86488
1475171687,0.86453,0.86489
1475171687,0.86454,0.86489
1475171687,0.86455,0.8649
1475171687,0.86455,0.86489
1475171688,0.86455,0.86491
1475171688,0.86455,0.8649
1475171688,0.86456,0.86491
1475171689,0.8645699999999999,0.86491
1475171689,0.8645699999999999,0.86492
1475171689,0.86456,0.8649
1475171691,0.86455,0.86489
1475171691,0.86454,0.86488
1475171691,0.86454,0.86487
1475171692,0.86453,0.86487
1475171693,0.86453,0.86486
1475171694,0.86451,0.86486
1475171694,0.86451,0.86486
1475171694,0.86451,0.86485
1475171694,0.86452,0.86485
1475171694,0.8645,0.8648400000000001
1475171694,0.86452,0.86485
1475171695,0.86452,0.86486
1475171695,0.86452,0.86485
1475171696,0.86451,0.86485
1475171696,0.86452,0.86486
1475171696,0.86452,0.86485
1475171697,0.86451,0.8648400000000001
1475171697,0.86451,0.86485
1475171697,0.86451,0.86486
1475171697,0.86452,0.8648400000000001
1475171698,0.86451,0.8648400000000001
1475171701,0.86452,0.86485
1475171701,0.86452,0.8648400000000001
1475171701,0.86451,0.86485
1475171701,0.86451,0.86485
1475171702,0.8645,0.8648400000000001
1475171702,0.8645,0.86483
1475171702,0.8645,0.8648400000000001
1475171703,0.86451,0.86485
1475171703,0.8645,0.8648400000000001
1475171704,0.86451,0.86486
1475171704,0.86454,0.86489
1475171704,0.86454,0.86489
1475171705,0.86455,0.8649
1475171705,0.86455,0.86489
1475171705,0.86455,0.8649
1475171706,0.86455,0.86489
1475171706,0.86455,0.8649
1475171706,0.86456,0.8649
1475171706,0.86456,0.86489
1475171706,0.86456,0.8649
1475171707,0.86455,0.8649
1475171707,0.86456,0.8649
1475171707,0.86459,0.86494
1475171707,0.8646,0.86495
1475171707,0.8646,0.86494
1475171707,0.8646,0.86495
1475171707,0.86459,0.86495
1475171707,0.8646,0.86495
1475171708,0.8646,0.86496
1475171708,0.86461,0.86496
1475171708,0.8646200000000001,0.86497
1475171708,0.8646200000000001,0.86496
1475171709,0.86461,0.86496
1475171710,0.86461,0.86495
1475171710,0.8646,0.86495
1475171710,0.8646,0.86494
1475171710,0.86459,0.86492
1475171710,0.86459,0.86494
1475171710,0.8646,0.86494
1475171711,0.8646,0.86495
1475171711,0.8646,0.86494
1475171711,0.8646,0.86495
1475171713,0.8646,0.86496
1475171713,0.86461,0.86495
1475171715,0.86461,0.86494
1475171715,0.86461,0.86495
1475171716,0.8646,0.86495
1475171716,0.86461,0.86495
1475171716,0.8646200000000001,0.86495
1475171716,0.8646200000000001,0.86496
1475171717,0.8646200000000001,0.86497
1475171718,0.8646200000000001,0.86496
1475171718,0.8646200000000001,0.86496
1475171718,0.8646200000000001,0.86495
1475171719,0.86461,0.86495
1475171719,0.8646,0.86493
1475171719,0.86459,0.86493
1475171719,0.86456,0.86489
1475171719,0.86456,0.86489
1475171720,0.8645699999999999,0.8649
1475171720,0.86456,0.86491
1475171720,0.86456,0.86491
1475171721,0.86456,0.86492
1475171721,0.86456,0.86492
1475171721,0.86456,0.86491
1475171723,0.86456,0.8649
1475171723,0.86455,0.86489
1475171724,0.86455,0.86488
1475171725,0.86453,0.86488
1475171725,0.86453,0.86487
1475171726,0.86453,0.86488
1475171727,0.86455,0.86489
1475171727,0.86455,0.8649
1475171729,0.86454,0.86489
1475171729,0.86453,0.86488
1475171730,0.86453,0.86486
1475171730,0.86453,0.86487
1475171730,0.86453,0.86488
1475171730,0.86454,0.86488
1475171730,0.8645699999999999,0.8649
1475171731,0.86456,0.86491
1475171731,0.86456,0.8649
1475171731,0.86456,0.86491
1475171731,0.8645699999999999,0.86491
1475171732,0.86456,0.86491
1475171732,0.86456,0.86492
1475171733,0.8645699999999999,0.86492
1475171733,0.8645699999999999,0.86493
1475171734,0.8645699999999999,0.86492
1475171734,0.8645699999999999,0.86491
1475171734,0.8645699999999999,0.86492
1475171734,0.8645699999999999,0.86493
1475171735,0.86458,0.86494
1475171735,0.86459,0.86494
1475171735,0.86459,0.86493
1475171735,0.86458,0.86493
1475171736,0.86458,0.86492
1475171739,0.8645699999999999,0.86492
1475171740,0.8645699999999999,0.86491
1475171740,0.86456,0.86491
1475171740,0.86458,0.86492
1475171740,0.86458,0.86492
1475171741,0.86461,0.86495
1475171741,0.86461,0.86496
1475171741,0.86461,0.86495
1475171741,0.86461,0.86496
1475171741,0.8646200000000001,0.86497
1475171742,0.8646200000000001,0.86496
1475171742,0.86463,0.86496
1475171742,0.86463,0.86497
1475171742,0.86463,0.86498
1475171742,0.86463,0.86497
1475171743,0.86463,0.86496
1475171743,0.8646,0.86493
1475171743,0.8646,0.86494
1475171743,0.86459,0.86494
1475171743,0.8646,0.86494
1475171743,0.8646,0.86493
1475171744,0.8646,0.86494
1475171744,0.86459,0.86494
1475171745,0.86459,0.86494
1475171746,0.86459,0.86493
1475171747,0.86459,0.86492
1475171747,0.86459,0.86493
1475171747,0.86459,0.86492
1475171748,0.8645699999999999,0.86492
1475171748,0.8645699999999999,0.86492
1475171748,0.86458,0.86492
1475171749,0.86458,0.86492
1475171750,0.86458,0.86491
1475171750,0.86458,0.86491
1475171750,0.86458,0.86492
1475171752,0.86458,0.86493
1475171753,0.86459,0.86494
1475171754,0.86458,0.86493
1475171754,0.86458,0.86493
1475171754,0.86459,0.86494
1475171754,0.86459,0.86493
1475171754,0.86459,0.86494
1475171755,0.86458,0.86493
1475171756,0.86458,0.86493
1475171756,0.86458,0.86493
1475171756,0.86458,0.86492
1475171757,0.86459,0.86492
1475171757,0.86459,0.86493
1475171757,0.86458,0.86494
1475171757,0.86459,0.86493
1475171758,0.86459,0.86494
1475171758,0.86458,0.86494
1475171759,0.86458,0.86493
1475171760,0.86458,0.86492
1475171761,0.86459,0.86493
1475171762,0.86459,0.86494
1475171762,0.8646,0.86494
1475171762,0.8646,0.86495
1475171763,0.8646,0.86496
1475171763,0.86461,0.86497
1475171763,0.86461,0.86497
1475171764,0.86461,0.86496
1475171764,0.8646200000000001,0.86496
1475171764,0.86461,0.86496
1475171764,0.8646200000000001,0.86496
1475171765,0.86463,0.86498
1475171765,0.8646200000000001,0.86497
1475171765,0.8646200000000001,0.86497
1475171765,0.8646200000000001,0.86496
1475171765,0.8646200000000001,0.86497
1475171765,0.86461,0.86497
1475171765,0.86459,0.86494
1475171765,0.86459,0.86493
1475171766,0.86459,0.86493
1475171766,0.86459,0.86494
1475171766,0.86459,0.86493
1475171766,0.86458,0.86493
1475171770,0.86458,0.86492
1475171770,0.86455,0.8649
1475171770,0.86456,0.8649
1475171770,0.86455,0.8649
1475171770,0.86456,0.8649
1475171771,0.86455,0.86489
1475171771,0.86454,0.86489
1475171772,0.86455,0.86489
1475171772,0.86455,0.8649
1475171772,0.86456,0.8649
1475171772,0.86456,0.86489
1475171773,0.86456,0.8649
1475171773,0.8645699999999999,0.8649
1475171773,0.86458,0.86491
1475171773,0.86458,0.86492
1475171774,0.86459,0.86492
1475171774,0.86459,0.86492
1475171774,0.8645699999999999,0.86492
1475171775,0.86459,0.86493
1475171775,0.8646,0.86493
1475171775,0.86459,0.86493
1475171776,0.86458,0.86493
1475171776,0.86458,0.86492
1475171776,0.8645699999999999,0.86492
1475171777,0.8645699999999999,0.86491
1475171777,0.86456,0.86491
1475171777,0.86456,0.8649
1475171777,0.86455,0.8649
1475171777,0.86455,0.86489
1475171777,0.86456,0.86489
1475171778,0.86456,0.8649
1475171779,0.86455,0.8649
1475171779,0.86456,0.86491
1475171779,0.86456,0.86491
1475171779,0.8645699999999999,0.86491
1475171780,0.86458,0.86492
1475171780,0.8645699999999999,0.86492
1475171782,0.8645699999999999,0.8649
1475171782,0.8645699999999999,0.8649
1475171782,0.86456,0.8649
1475171783,0.86456,0.86491
1475171783,0.8645699999999999,0.86491
1475171783,0.86459,0.86493
1475171783,0.86458,0.86493
1475171783,0.86458,0.86491
1475171783,0.8645699999999999,0.86489
1475171783,0.86456,0.86489
1475171783,0.86455,0.86489
1475171783,0.86454,0.86488
1475171783,0.86454,0.86489
1475171783,0.86455,0.86489
1475171783,0.86456,0.8649
1475171784,0.86456,0.86491
1475171784,0.86456,0.8649
1475171784,0.86456,0.86491
1475171784,0.8645699999999999,0.86492
1475171784,0.8645699999999999,0.86491
1475171785,0.86456,0.86491
1475171786,0.86456,0.8649
1475171789,0.86455,0.8649
1475171789,0.86456,0.8649
1475171789,0.86456,0.86489
1475171789,0.86456,0.8649
1475171790,0.86456,0.86489
1475171790,0.86456,0.86489
1475171791,0.86455,0.8649
1475171792,0.86454,0.86488
1475171792,0.86454,0.86489
1475171792,0.86454,0.86488
1475171793,0.86456,0.86489
1475171793,0.86454,0.86489
1475171793,0.86455,0.86489
1475171794,0.86454,0.86489
1475171794,0.86454,0.86489
1475171794,0.86454,0.86488
1475171795,0.86455,0.86488
1475171795,0.86455,0.86489
1475171796,0.86454,0.86488
1475171796,0.86455,0.86488
1475171796,0.86455,0.86487
1475171796,0.86454,0.86487
1475171796,0.86455,0.86487
1475171796,0.86454,0.86487
1475171797,0.86454,0.86486
1475171797,0.86453,0.86486
1475171797,0.86452,0.86486
1475171797,0.86451,0.8648400000000001
1475171797,0.8645,0.86483
1475171797,0.86448,0.8648400000000001
1475171797,0.8645,0.86483
1475171797,0.86449,0.86483
1475171798,0.86447,0.86481
1475171798,0.86446,0.86481
1475171799,0.86446,0.8648
1475171799,0.8644500000000001,0.8648
1475171799,0.8644500000000001,0.8647899999999999
1475171799,0.8644500000000001,0.8648
1475171799,0.86446,0.8648
1475171800,0.8644500000000001,0.8648
1475171801,0.86446,0.8648
1475171801,0.86447,0.86481
1475171801,0.86449,0.8648400000000001
1475171802,0.8645,0.8648400000000001
1475171802,0.8645,0.86485
1475171802,0.86451,0.86485
1475171803,0.86452,0.86485
1475171803,0.86452,0.86486
1475171803,0.86452,0.86487
1475171804,0.86452,0.86486
1475171804,0.86452,0.86487
1475171804,0.86453,0.86487
1475171805,0.86452,0.86487
1475171805,0.86454,0.86487
1475171806,0.86453,0.86488
1475171806,0.86453,0.86487
1475171806,0.86452,0.86487
1475171806,0.86451,0.86486
1475171806,0.86451,0.86487
1475171807,0.86452,0.86487
1475171808,0.86453,0.86487
1475171808,0.86452,0.86487
1475171811,0.86453,0.86487
1475171811,0.86453,0.86487
1475171813,0.86454,0.86487
1475171813,0.86454,0.86488
1475171814,0.86453,0.86488
1475171821,0.86452,0.86488
1475171821,0.86452,0.86487
1475171822,0.86453,0.86487
1475171822,0.86452,0.86487
1475171823,0.86453,0.86488
1475171824,0.86452,0.86488
1475171825,0.86452,0.86487
1475171825,0.86453,0.86487
1475171825,0.86452,0.86487
1475171826,0.86452,0.86486
1475171827,0.86452,0.86487
1475171828,0.86452,0.86486
1475171828,0.86453,0.86486
1475171828,0.86453,0.86487
1475171830,0.86453,0.86488
1475171830,0.86453,0.86487
1475171830,0.86453,0.86488
1475171831,0.86453,0.86487
1475171831,0.86453,0.86487
1475171831,0.86453,0.86488
1475171832,0.86453,0.86487
1475171832,0.86452,0.86487
1475171832,0.86452,0.86486
1475171832,0.86452,0.86487
1475171832,0.86453,0.86488
1475171832,0.86453,0.86488
1475171833,0.86453,0.86487
1475171833,0.86453,0.86488
1475171833,0.86454,0.86488
1475171834,0.86454,0.86489
1475171834,0.86454,0.86488
1475171836,0.86454,0.86489
1475171836,0.86455,0.86489
1475171838,0.8645699999999999,0.86491
1475171839,0.86456,0.86491
1475171839,0.86456,0.8649
1475171839,0.86456,0.86491
1475171840,0.86456,0.8649
1475171843,0.86455,0.86489
1475171843,0.86455,0.86489
1475171843,0.86455,0.8649
1475171845,0.86455,0.86489
1475171845,0.86454,0.86488
1475171845,0.86454,0.86489
1475171846,0.86454,0.86488
1475171846,0.86454,0.86488
1475171846,0.86453,0.86488
1475171847,0.86454,0.86488
1475171849,0.86454,0.86489
1475171849,0.86453,0.86487
1475171849,0.86451,0.86486
1475171849,0.86452,0.86486
1475171850,0.86453,0.86488
1475171850,0.86453,0.86487
1475171851,0.86453,0.86488
1475171851,0.86453,0.86487
1475171852,0.86452,0.86487
1475171852,0.86453,0.86487
1475171852,0.86453,0.86486
1475171852,0.86453,0.86487
1475171855,0.86453,0.86488
1475171856,0.86453,0.86487
1475171856,0.86453,0.86488
1475171856,0.86453,0.86487
1475171857,0.86452,0.86486
1475171857,0.86452,0.86485
1475171858,0.86451,0.8648400000000001
1475171859,0.86451,0.86483
1475171859,0.86451,0.8648400000000001
1475171859,0.86451,0.86483
1475171859,0.86451,0.8648400000000001
1475171863,0.86451,0.86483
1475171864,0.8645,0.86483
1475171864,0.86449,0.86483
1475171864,0.86449,0.86482
1475171864,0.86448,0.86482
1475171865,0.86449,0.86482
1475171865,0.86449,0.86483
1475171865,0.86449,0.86482
1475171866,0.86448,0.86483
1475171867,0.86449,0.8648400000000001
1475171867,0.8645,0.8648400000000001
1475171867,0.8645,0.86485
1475171867,0.86451,0.86485
1475171867,0.86451,0.86486
1475171868,0.86455,0.86488
1475171868,0.86456,0.8649
1475171868,0.8645699999999999,0.86491
1475171870,0.86458,0.86491
1475171870,0.8645699999999999,0.86491
1475171870,0.86456,0.8649
1475171870,0.86455,0.86488
1475171871,0.8645699999999999,0.8649
1475171871,0.8645699999999999,0.8649
1475171871,0.86456,0.8649
1475171872,0.86456,0.86489
1475171872,0.86456,0.86488
1475171872,0.86456,0.86489
1475171872,0.86456,0.8649
1475171872,0.86456,0.86488
1475171872,0.86455,0.86488
1475171873,0.86455,0.86489
1475171874,0.86454,0.86488
1475171874,0.86455,0.86488
1475171876,0.86455,0.86487
1475171877,0.86455,0.86487
1475171878,0.86455,0.8649
1475171878,0.86456,0.8649
1475171878,0.86456,0.86488
1475171878,0.86456,0.86489
1475171879,0.86456,0.86488
1475171879,0.86453,0.86487
1475171879,0.86453,0.86486
1475171879,0.86453,0.86487
1475171880,0.86452,0.86486
1475171880,0.86452,0.86485
1475171880,0.86452,0.8648400000000001
1475171880,0.86452,0.8648400000000001
1475171880,0.86452,0.86485
1475171880,0.86452,0.86486
1475171880,0.86452,0.86485
1475171880,0.86452,0.86486
1475171882,0.86451,0.86486
1475171882,0.86451,0.86485
1475171882,0.86452,0.86485
1475171883,0.8645,0.8648400000000001
1475171883,0.8645,0.86483
1475171883,0.8645,0.8648400000000001
1475171884,0.86449,0.8648400000000001
1475171885,0.86449,0.86483
1475171886,0.86448,0.86482
1475171887,0.86449,0.86482
1475171887,0.86449,0.86481
1475171887,0.86447,0.86482
1475171887,0.86447,0.86481
1475171887,0.86447,0.86482
1475171887,0.86447,0.86481
1475171888,0.86446,0.8647899999999999
1475171888,0.86446,0.8648
1475171889,0.8644500000000001,0.86478
1475171889,0.8644500000000001,0.8647899999999999
1475171889,0.8644500000000001,0.86478
1475171890,0.8644500000000001,0.86477
1475171890,0.8644500000000001,0.8647899999999999
1475171893,0.8644500000000001,0.86478
1475171893,0.86446,0.86478
1475171893,0.8644500000000001,0.86478
1475171894,0.8644500000000001,0.86477
1475171894,0.8644500000000001,0.86477
1475171894,0.8644500000000001,0.86477
1475171894,0.8644500000000001,0.86476
1475171896,0.8644500000000001,0.86477
1475171896,0.8644500000000001,0.86478
1475171896,0.8644500000000001,0.86477
1475171896,0.8644500000000001,0.86478
1475171897,0.8644500000000001,0.86477
1475171897,0.8644500000000001,0.86477
1475171898,0.8644500000000001,0.86478
1475171898,0.8644500000000001,0.86477
1475171898,0.8644500000000001,0.86478
1475171898,0.8644500000000001,0.86477
1475171899,0.86444,0.86477
1475171899,0.86444,0.86478
1475171899,0.8644500000000001,0.86478
1475171899,0.86447,0.8648
1475171899,0.86446,0.8647899999999999
1475171902,0.8644500000000001,0.86478
1475171902,0.86444,0.8647899999999999
1475171902,0.8644500000000001,0.8647899999999999
1475171904,0.86446,0.8647899999999999
1475171904,0.8644500000000001,0.8647899999999999
1475171904,0.8644500000000001,0.86478
1475171904,0.86446,0.8647899999999999
1475171905,0.8644500000000001,0.86478
1475171905,0.8644500000000001,0.8647899999999999
1475171906,0.86444,0.86478
1475171906,0.86444,0.86477
1475171907,0.86443,0.86477
1475171908,0.86442,0.86476
1475171908,0.86442,0.86476
1475171908,0.86443,0.86476
1475171909,0.86443,0.86477
1475171909,0.86443,0.86476
1475171909,0.86443,0.86477
1475171909,0.86444,0.86477
1475171909,0.86444,0.86478
1475171910,0.86443,0.86478
1475171910,0.86444,0.86478
1475171911,0.86443,0.86478
1475171911,0.8644500000000001,0.86478
1475171915,0.86443,0.86478
1475171915,0.86444,0.86478
1475171916,0.8644500000000001,0.86478
1475171917,0.86443,0.86478
1475171917,0.8644500000000001,0.86478
1475171918,0.86446,0.8647899999999999
1475171918,0.86447,0.86481
1475171919,0.86446,0.86481
1475171919,0.86447,0.86481
1475171919,0.86448,0.86481
1475171920,0.86447,0.86481
1475171920,0.86447,0.86482
1475171920,0.86448,0.86482
1475171921,0.86448,0.86481
1475171921,0.86447,0.86481
1475171922,0.86447,0.86482
1475171922,0.86448,0.86482
1475171923,0.86446,0.86481
1475171923,0.86446,0.8648
1475171923,0.86447,0.8648
1475171925,0.86449,0.86483
1475171925,0.8645,0.8648400000000001
1475171925,0.86451,0.8648400000000001
1475171926,0.86452,0.8648400000000001
1475171926,0.86452,0.86485
1475171926,0.86452,0.86486
1475171926,0.86452,0.86487
1475171926,0.8645699999999999,0.86491
1475171926,0.8645699999999999,0.8649
1475171927,0.86455,0.8649
1475171927,0.86455,0.86489
1475171927,0.86456,0.86489
1475171928,0.86456,0.8649
1475171929,0.8645699999999999,0.8649
1475171929,0.86458,0.86492
1475171930,0.86459,0.86492
1475171930,0.86458,0.86492
1475171932,0.86459,0.86493
1475171932,0.86459,0.86492
1475171932,0.86459,0.86493
1475171933,0.86458,0.86492
1475171933,0.86458,0.86491
1475171934,0.8645699999999999,0.86492
1475171934,0.86459,0.86492
1475171935,0.86459,0.86493
1475171936,0.8646200000000001,0.86495
1475171936,0.8646200000000001,0.86496
1475171936,0.86464,0.86497
1475171936,0.86468,0.865
1475171936,0.86465,0.865
1475171936,0.86464,0.86497
1475171936,0.86464,0.86498
1475171936,0.86463,0.86498
1475171936,0.86464,0.86497
1475171936,0.86464,0.86498
1475171937,0.86463,0.86497
1475171937,0.86461,0.86494
1475171937,0.86461,0.86494
1475171937,0.86461,0.86494
1475171937,0.8646,0.86493
1475171938,0.86461,0.86493
1475171939,0.86461,0.86492
1475171939,0.86461,0.86493
1475171939,0.8646,0.86493
1475171939,0.86461,0.86494
1475171939,0.86461,0.86493
1475171939,0.86461,0.86494
1475171940,0.8646,0.86494
1475171940,0.8646,0.86493
1475171940,0.8646,0.86494
1475171941,0.8646,0.86493
1475171941,0.8646,0.86494
1475171941,0.86459,0.86493
1475171941,0.8645699999999999,0.86491
1475171941,0.86456,0.8649
1475171941,0.8645699999999999,0.86491
1475171941,0.86458,0.86491
1475171942,0.86458,0.86492
1475171943,0.86459,0.86493
1475171943,0.8646,0.86493
1475171944,0.86459,0.86493
1475171945,0.8646,0.86493
1475171945,0.86459,0.86493
1475171945,0.8646,0.86493
1475171945,0.86459,0.86494
1475171945,0.86459,0.86494
1475171946,0.8646,0.86494
1475171946,0.86461,0.86494
1475171946,0.86461,0.86495
1475171946,0.8646,0.86494
1475171947,0.8645699999999999,0.86491
1475171947,0.86458,0.86491
1475171947,0.86458,0.8649
1475171948,0.8645699999999999,0.8649
1475171948,0.86456,0.8649
1475171948,0.8645699999999999,0.8649
1475171948,0.8645699999999999,0.86491
1475171948,0.86458,0.86491
1475171949,0.86458,0.86492
1475171950,0.8646,0.86493
1475171950,0.8646,0.86493
1475171950,0.8646,0.86494
1475171950,0.86461,0.86495
1475171951,0.8646200000000001,0.86496
1475171951,0.8646200000000001,0.86495
1475171951,0.86461,0.86495
1475171951,0.86461,0.86494
1475171951,0.8646,0.86494
1475171951,0.86461,0.86494
1475171951,0.86461,0.86495
1475171952,0.86458,0.86491
1475171952,0.8645699999999999,0.86491
1475171952,0.8645699999999999,0.86489
1475171952,0.8645699999999999,0.86491
1475171952,0.86458,0.86491
1475171952,0.86458,0.86492
1475171953,0.86458,0.86491
1475171953,0.8645699999999999,0.86491
1475171953,0.8645699999999999,0.86492
1475171953,0.86458,0.86491
1475171953,0.86456,0.8649
1475171953,0.86456,0.86488
1475171954,0.86455,0.86488
1475171954,0.86455,0.86489
1475171954,0.86454,0.86487
1475171954,0.86453,0.86486
1475171954,0.86452,0.86486
1475171955,0.86452,0.86485
1475171955,0.86452,0.8648400000000001
1475171955,0.8645,0.86483
1475171956,0.86449,0.86483
1475171956,0.86448,0.86482
1475171956,0.86448,0.86483
1475171956,0.86449,0.8648400000000001
1475171957,0.8645,0.8648400000000001
1475171957,0.86449,0.8648400000000001
1475171958,0.8645,0.86483
1475171958,0.86449,0.86483
1475171958,0.86449,0.8648400000000001
1475171958,0.8645,0.8648400000000001
1475171958,0.86448,0.86483
1475171959,0.86449,0.86483
1475171959,0.8645,0.86483
1475171960,0.86449,0.86483
1475171960,0.86448,0.86482
1475171960,0.86447,0.86481
1475171960,0.86447,0.86481
1475171961,0.86446,0.86481
1475171961,0.86447,0.86482
1475171961,0.86448,0.86482
1475171961,0.86448,0.86481
1475171961,0.86447,0.86481
1475171962,0.86447,0.8648
1475171962,0.86446,0.8647899999999999
1475171962,0.86446,0.8647899999999999
1475171962,0.86442,0.86476
1475171963,0.8643999999999999,0.86475
1475171963,0.8643999999999999,0.86475
1475171963,0.86439,0.86474
1475171963,0.8643999999999999,0.86475
1475171964,0.8643999999999999,0.86474
1475171964,0.86442,0.86475
1475171964,0.86442,0.86477
1475171964,0.86443,0.86478
1475171964,0.86443,0.86477
1475171965,0.86442,0.86476
1475171965,0.86442,0.86475
1475171965,0.86442,0.86476
1475171965,0.86442,0.86477
1475171965,0.86443,0.86478
1475171966,0.8644500000000001,0.8647899999999999
1475171966,0.8644500000000001,0.8647899999999999
1475171966,0.8644500000000001,0.8648
1475171968,0.86446,0.8648
1475171970,0.8644500000000001,0.8648
1475171970,0.86446,0.8648
1475171970,0.86447,0.86481
1475171970,0.86448,0.86482
1475171971,0.86448,0.86482
1475171971,0.86447,0.86482
1475171971,0.86446,0.86482
1475171971,0.86446,0.86481
1475171971,0.86446,0.8648
1475171971,0.86447,0.86482
1475171972,0.86449,0.86483
1475171972,0.86449,0.86483
1475171973,0.86449,0.8648400000000001
1475171974,0.8645,0.8648400000000001
1475171974,0.86449,0.8648400000000001
1475171974,0.8645,0.8648400000000001
1475171974,0.8645,0.8648400000000001
1475171975,0.86449,0.8648400000000001
1475171975,0.86449,0.8648400000000001
1475171975,0.86449,0.8648400000000001
1475171975,0.86449,0.86483
1475171975,0.86448,0.86483
1475171975,0.86449,0.86483
1475171976,0.86449,0.8648400000000001
1475171976,0.8645,0.86483
1475171976,0.86449,0.86485
1475171977,0.86452,0.86486
1475171977,0.86452,0.86487
1475171978,0.86455,0.86489
1475171978,0.86454,0.86489
1475171978,0.86456,0.8649
1475171978,0.86456,0.86491
1475171979,0.8645699999999999,0.86491
1475171983,0.86456,0.8649
1475171983,0.86455,0.86488
1475171984,0.86454,0.86487
1475171984,0.86453,0.86486
1475171984,0.86452,0.86485
1475171984,0.86452,0.8648400000000001
1475171984,0.86451,0.8648400000000001
1475171985,0.8645,0.86483
1475171985,0.86449,0.86483
1475171987,0.86449,0.86482
1475171987,0.86448,0.86482
1475171987,0.86447,0.86482
1475171988,0.86446,0.86481
1475171988,0.86447,0.86481
1475171988,0.86447,0.86481
1475171989,0.86448,0.86482
1475171989,0.86448,0.86481
1475171990,0.86448,0.86481
1475171990,0.86448,0.86481
1475171990,0.86449,0.86481
1475171991,0.86449,0.86482
1475171991,0.86449,0.86481
1475171992,0.86449,0.86482
1475171993,0.86449,0.86481
1475171993,0.86449,0.86482
1475171993,0.8645,0.86483
1475171993,0.8645,0.86483
1475171993,0.8645,0.8648400000000001
1475171993,0.86451,0.8648400000000001
1475171994,0.86451,0.86483
1475171994,0.8645,0.86483
1475171994,0.86451,0.86485
1475171994,0.86452,0.86485
1475171994,0.86453,0.86485
1475171994,0.86452,0.86485
1475171994,0.86452,0.8648400000000001
1475171994,0.86451,0.8648400000000001
1475171995,0.86452,0.86485
1475171995,0.86452,0.86486
1475171995,0.86452,0.86485
1475171995,0.86451,0.86486
1475171995,0.86451,0.86485
1475171995,0.86451,0.86486
1475171995,0.86451,0.86485
1475171995,0.86453,0.86485
1475171995,0.86453,0.86486
1475171996,0.86452,0.86486
1475171997,0.86452,0.86486
1475171997,0.86452,0.86486
1475171998,0.86451,0.86486
1475171998,0.8645,0.86485
1475171998,0.86451,0.86485
1475171998,0.86451,0.86485
1475171999,0.8645,0.86485
1475171999,0.86451,0.86485
1475171999,0.86451,0.86485
1475172000,0.86451,0.86486
1475172000,0.8645,0.86485
1475172000,0.86451,0.86485
1475172000,0.86451,0.86487
1475172001,0.86452,0.86487
1475172001,0.86453,0.86489
1475172002,0.86456,0.86492
1475172002,0.8645699999999999,0.86493
1475172002,0.8645699999999999,0.86492
1475172002,0.86458,0.86493
1475172002,0.8645699999999999,0.86493
1475172003,0.86458,0.86493
1475172004,0.8645699999999999,0.86492
1475172004,0.8645699999999999,0.86493
1475172004,0.8645699999999999,0.86493
1475172004,0.8645699999999999,0.86493
1475172004,0.8645699999999999,0.86492
1475172005,0.8645699999999999,0.86493
1475172005,0.86458,0.86494
1475172005,0.86459,0.86493
1475172005,0.86459,0.86494
1475172006,0.86459,0.86493
1475172006,0.86456,0.86493
1475172006,0.86459,0.86492
1475172006,0.86459,0.86492
1475172006,0.86459,0.86493
1475172006,0.86458,0.86493
1475172006,0.8646,0.86493
1475172007,0.86458,0.86492
1475172007,0.8645699999999999,0.86492
1475172007,0.8645699999999999,0.86491
1475172007,0.86458,0.86492
1475172008,0.86458,0.86491
1475172009,0.8645699999999999,0.86493
1475172009,0.8646,0.86493
1475172009,0.86459,0.86493
1475172010,0.8646,0.86495
1475172010,0.8646,0.86494
1475172010,0.8646,0.86495
1475172010,0.86459,0.86495
1475172011,0.8646,0.86494
1475172011,0.86461,0.86495
1475172012,0.8646,0.86495
1475172013,0.86461,0.86495
1475172013,0.86461,0.86496
1475172015,0.8646200000000001,0.86496
1475172016,0.86461,0.86496
1475172016,0.86461,0.86497
1475172017,0.8646200000000001,0.86497
1475172018,0.86461,0.86496
1475172019,0.86461,0.86495
1475172019,0.8646,0.86495
1475172021,0.86461,0.86496
1475172021,0.8646,0.86496
1475172022,0.8646,0.86495
1475172022,0.8646,0.86494
1475172022,0.86459,0.86494
1475172022,0.8646,0.86494
1475172023,0.8646,0.86494
1475172023,0.8646,0.86495
1475172023,0.86461,0.86496
1475172023,0.8646,0.86496
1475172023,0.8646,0.86495
1475172024,0.8646,0.86495
1475172024,0.8646,0.86495
1475172025,0.8646,0.86496
1475172025,0.8646,0.86495
1475172026,0.86459,0.86495
1475172026,0.8646,0.86495
1475172027,0.86461,0.86495
1475172027,0.8646200000000001,0.86496
1475172027,0.8646200000000001,0.86497
1475172029,0.8646200000000001,0.86497
1475172029,0.86461,0.86496
1475172030,0.86461,0.86495
1475172031,0.86461,0.86496
1475172032,0.86461,0.86495
1475172032,0.86461,0.86497
1475172032,0.86461,0.86496
1475172032,0.86461,0.86495
1475172032,0.86461,0.86494
1475172032,0.86459,0.86494
1475172033,0.8646,0.86494
1475172033,0.8646,0.86495
1475172033,0.86461,0.86495
1475172033,0.86461,0.86496
1475172033,0.86464,0.865
1475172033,0.86466,0.865
1475172034,0.86468,0.86502
1475172034,0.86469,0.86503
1475172035,0.8647,0.86503
1475172035,0.8647,0.86504
1475172035,0.8647,0.86503
1475172036,0.8647,0.86504
1475172037,0.8647,0.86504
1475172037,0.8647,0.86504
1475172037,0.8647,0.86503
1475172037,0.8647,0.86504
1475172038,0.8647,0.86505
1475172038,0.86472,0.86508
1475172038,0.86473,0.86508
1475172039,0.86476,0.86509
1475172040,0.86475,0.86509
1475172041,0.86472,0.86505
1475172041,0.86472,0.86505
1475172041,0.86471,0.86504
1475172041,0.86469,0.86502
1475172042,0.86467,0.865
1475172042,0.86467,0.865
1475172042,0.86468,0.865
1475172044,0.8647,0.86502
1475172044,0.8647,0.86503
1475172045,0.8647,0.86504
1475172045,0.86471,0.86504
1475172045,0.86475,0.86509
1475172046,0.86475,0.86507
1475172046,0.86475,0.8650600000000001
1475172046,0.86474,0.8650600000000001
1475172047,0.86473,0.86505
1475172047,0.86473,0.86504
1475172047,0.86473,0.86505
1475172047,0.86473,0.86503
1475172047,0.86473,0.86505
1475172048,0.86471,0.86504
1475172049,0.86473,0.8650600000000001
1475172049,0.86473,0.86507
1475172050,0.86473,0.8650600000000001
1475172050,0.86473,0.86505
1475172050,0.86473,0.8650600000000001
1475172050,0.86471,0.8650600000000001
1475172051,0.86471,0.86504
1475172052,0.86471,0.86503
1475172052,0.8647,0.86504
1475172053,0.86471,0.86505
1475172053,0.86471,0.86504
1475172054,0.86471,0.86505
1475172055,0.8647,0.86505
1475172055,0.8647,0.86504
1475172055,0.8647,0.86505
1475172055,0.8647,0.86504
1475172055,0.86471,0.86505
1475172056,0.86472,0.86505
1475172057,0.86471,0.86505
1475172057,0.86472,0.86505
1475172058,0.86471,0.86503
1475172058,0.86469,0.86504
1475172060,0.86466,0.86498
1475172060,0.86466,0.86499
1475172060,0.86465,0.865
1475172061,0.86465,0.8650099999999999
1475172061,0.86466,0.8650099999999999
1475172061,0.86466,0.865
1475172061,0.86466,0.86498
1475172061,0.86466,0.86498
1475172062,0.86466,0.86499
1475172062,0.86463,0.86496
1475172062,0.86463,0.86495
1475172062,0.86463,0.86496
1475172063,0.86461,0.86494
1475172063,0.86461,0.86493
1475172063,0.8646,0.86493
1475172064,0.86459,0.86491
1475172064,0.86461,0.86495
1475172064,0.86461,0.86496
1475172064,0.8646200000000001,0.86496
1475172065,0.86464,0.86499
1475172065,0.86464,0.86498
1475172066,0.86465,0.86499
1475172067,0.86465,0.86498
1475172067,0.86464,0.86497
1475172068,0.86463,0.86498
1475172068,0.86465,0.865
1475172069,0.86465,0.86499
1475172069,0.86465,0.865
1475172069,0.86467,0.86502
1475172069,0.86468,0.86503
1475172070,0.86467,0.86503
1475172070,0.8647,0.86504
1475172070,0.8647,0.8650600000000001
1475172070,0.8647,0.86504
1475172071,0.86469,0.86503
1475172071,0.86469,0.86502
1475172071,0.86469,0.86503
1475172071,0.86468,0.86502
1475172072,0.86468,0.86499
1475172072,0.86466,0.865
1475172073,0.86466,0.86499
1475172073,0.86466,0.865
1475172073,0.86467,0.865
1475172073,0.86466,0.865
1475172073,0.86467,0.865
1475172073,0.86467,0.8650099999999999
1475172074,0.86468,0.8650099999999999
1475172075,0.86468,0.865
1475172075,0.86467,0.86499
1475172075,0.86466,0.865
1475172076,0.86465,0.865
1475172076,0.86465,0.86499
1475172077,0.86465,0.865
1475172077,0.86466,0.865
1475172077,0.86466,0.865
1475172077,0.86466,0.865
1475172078,0.86466,0.8650099999999999
1475172078,0.86466,0.865
1475172079,0.86465,0.865
1475172079,0.86465,0.865
1475172079,0.86466,0.865
1475172080,0.86467,0.86502
1475172080,0.86467,0.86503
1475172080,0.86468,0.86503
1475172080,0.8647,0.86504
1475172081,0.8647,0.86505
1475172081,0.8647,0.86504
1475172081,0.86469,0.86505
1475172082,0.86471,0.8650600000000001
1475172082,0.86471,0.86505
1475172086,0.86471,0.86504
1475172086,0.86471,0.86504
1475172086,0.8647,0.86503
1475172086,0.86469,0.86503
1475172086,0.86469,0.86504
1475172086,0.86469,0.86502
1475172087,0.8647,0.86504
1475172087,0.86471,0.86505
1475172087,0.86471,0.8650600000000001
1475172087,0.86471,0.86505
1475172088,0.86472,0.8650600000000001
1475172088,0.86473,0.86507
1475172088,0.86472,0.86507
1475172088,0.86472,0.8650600000000001
1475172088,0.86472,0.86505
1475172089,0.86471,0.86505
1475172089,0.86472,0.86504
1475172089,0.86472,0.86505
1475172090,0.86472,0.8650600000000001
1475172090,0.86472,0.8650600000000001
1475172091,0.86472,0.86507
1475172092,0.86472,0.8650600000000001
1475172094,0.86471,0.8650600000000001
1475172095,0.86471,0.86505
1475172097,0.86472,0.8650600000000001
1475172097,0.86473,0.86505
1475172098,0.86471,0.86505
1475172098,0.8647,0.86504
1475172098,0.86469,0.86504
1475172099,0.86469,0.86503
1475172100,0.86468,0.86503
1475172100,0.86469,0.86503
1475172101,0.86469,0.86504
1475172101,0.86471,0.86504
1475172102,0.86475,0.8651
1475172102,0.86474,0.86509
1475172104,0.86474,0.8651
1475172104,0.86475,0.8651
1475172104,0.86474,0.8651
1475172104,0.86474,0.86509
1475172105,0.86472,0.86507
1475172106,0.86471,0.8650600000000001
1475172106,0.86472,0.86507
1475172106,0.86471,0.8650600000000001
1475172107,0.86471,0.86505
1475172108,0.8647,0.86504
1475172108,0.8647,0.86505
1475172109,0.86471,0.86505
1475172109,0.86466,0.8650099999999999
1475172110,0.86467,0.8650099999999999
1475172111,0.86467,0.86502
1475172111,0.86468,0.86502
1475172112,0.86468,0.8650099999999999
1475172112,0.86466,0.8650099999999999
1475172112,0.86467,0.8650099999999999
1475172112,0.86467,0.865
1475172112,0.86466,0.8650099999999999
1475172112,0.86467,0.86502
1475172113,0.86467,0.86503
1475172114,0.86467,0.86502
1475172114,0.86466,0.86502
1475172114,0.86467,0.8650099999999999
1475172114,0.86467,0.86502
1475172115,0.86467,0.86503
1475172115,0.86468,0.86502
1475172115,0.86468,0.8650099999999999
1475172115,0.86467,0.86502
1475172116,0.86465,0.8650099999999999
1475172117,0.86465,0.86499
1475172118,0.86464,0.86498
1475172118,0.86463,0.86497
1475172118,0.86464,0.86498
1475172118,0.86463,0.86497
1475172118,0.86466,0.865
1475172119,0.86469,0.86504
1475172119,0.86468,0.86504
1475172120,0.86469,0.86503
1475172120,0.86469,0.86504
1475172120,0.8647,0.86503
1475172121,0.86469,0.86504
1475172121,0.8647,0.86503
1475172121,0.86469,0.86505
1475172121,0.8647,0.86505
1475172122,0.8647,0.86505
1475172124,0.8647,0.86504
1475172124,0.86469,0.86504
1475172125,0.86469,0.86503
1475172126,0.86467,0.8650099999999999
1475172126,0.86467,0.86502
1475172127,0.86468,0.86502
1475172127,0.86469,0.86503
1475172128,0.86469,0.86502
1475172128,0.86467,0.86502
1475172128,0.86468,0.86502
1475172129,0.86468,0.86503
1475172129,0.8647,0.86503
1475172130,0.86472,0.86507
1475172130,0.86472,0.8650600000000001
1475172130,0.86472,0.86507
1475172130,0.86471,0.8650600000000001
1475172131,0.86472,0.86507
1475172131,0.86472,0.8650600000000001
1475172132,0.86472,0.86507
1475172132,0.86471,0.8650600000000001
1475172132,0.8647,0.86503
1475172133,0.86468,0.86503
1475172133,0.86467,0.8650099999999999
1475172133,0.86467,0.865
1475172134,0.86465,0.865
1475172134,0.86465,0.86499
1475172134,0.86463,0.86497
1475172135,0.86465,0.86498
1475172135,0.86464,0.86498
1475172137,0.86465,0.865
1475172137,0.86465,0.86499
1475172137,0.86466,0.865
1475172138,0.86469,0.86504
1475172138,0.86468,0.86503
1475172139,0.86469,0.86503
1475172139,0.86469,0.86504
1475172139,0.8647,0.86504
1475172140,0.8647,0.86505
1475172140,0.86469,0.86504
1475172140,0.8647,0.86504
1475172140,0.8647,0.86505
1475172141,0.86469,0.86505
1475172141,0.86471,0.86505
1475172142,0.86469,0.86503
1475172143,0.86469,0.86504
1475172144,0.86469,0.86504
1475172144,0.86469,0.86503
1475172145,0.86469,0.86504
1475172145,0.86469,0.86503
1475172145,0.86469,0.86504
1475172145,0.86469,0.86503
1475172145,0.86469,0.86502
1475172145,0.86468,0.86502
1475172146,0.86467,0.86502
1475172146,0.86468,0.86502
1475172146,0.86468,0.8650099999999999
1475172147,0.86467,0.8650099999999999
1475172147,0.86466,0.865
1475172147,0.86465,0.86499
1475172147,0.86465,0.865
1475172147,0.86465,0.86499
1475172147,0.86465,0.865
1475172147,0.86465,0.86499
1475172148,0.86464,0.86499
1475172148,0.86465,0.865
1475172148,0.86465,0.86499
1475172148,0.86464,0.86499
1475172148,0.86464,0.865
1475172149,0.86465,0.86499
1475172149,0.86465,0.865
1475172149,0.86466,0.8650099999999999
1475172149,0.86467,0.8650099999999999
1475172150,0.86467,0.86502
1475172151,0.86467,0.8650099999999999
1475172153,0.86467,0.8650099999999999
1475172153,0.86467,0.8650099999999999
1475172153,0.86466,0.865
1475172155,0.86465,0.86499
1475172155,0.86465,0.865
1475172155,0.86466,0.86499
1475172155,0.86465,0.86499
1475172155,0.86465,0.865
1475172155,0.86465,0.86499
1475172156,0.86464,0.86498
1475172156,0.86464,0.86497
1475172156,0.86464,0.86496
1475172156,0.86461,0.86495
1475172156,0.8646,0.86495
1475172156,0.86461,0.86496
1475172157,0.8646,0.86495
1475172159,0.86459,0.86494
1475172159,0.86459,0.86494
1475172159,0.86458,0.86492
1475172159,0.86458,0.86492
1475172159,0.86459,0.86493
1475172159,0.86459,0.86494
1475172160,0.86459,0.86493
1475172160,0.86458,0.86493
1475172162,0.86459,0.86493
1475172162,0.86458,0.86493
1475172162,0.86458,0.86492
1475172162,0.8645699999999999,0.86492
1475172163,0.86458,0.86493
1475172163,0.86459,0.86494
1475172164,0.8646,0.86494
1475172164,0.86459,0.86494
1475172166,0.8646,0.86494
1475172166,0.86461,0.86495
1475172166,0.86461,0.86496
1475172167,0.8646200000000001,0.86496
1475172167,0.86463,0.86497
1475172167,0.86464,0.86499
1475172167,0.86465,0.86499
1475172168,0.86464,0.86499
1475172169,0.86465,0.86499
1475172169,0.86464,0.86499
1475172171,0.86464,0.86498
1475172172,0.86464,0.86497
1475172172,0.86464,0.86496
1475172172,0.86463,0.86496
1475172172,0.86463,0.86497
1475172173,0.86465,0.865
1475172173,0.86465,0.86498
1475172173,0.86465,0.865
1475172173,0.86464,0.86499
1475172173,0.86464,0.86498
1475172175,0.86463,0.86498
1475172175,0.86463,0.86497
1475172175,0.86463,0.86498
1475172176,0.86463,0.86497
1475172176,0.86464,0.86498
1475172177,0.86464,0.86499
1475172177,0.86464,0.86499
1475172177,0.86464,0.86498
1475172177,0.86463,0.86498
1475172178,0.86464,0.86498
1475172178,0.86464,0.86499
1475172179,0.86465,0.86499
1475172179,0.86466,0.865
1475172179,0.86465,0.865
1475172179,0.86464,0.86499
1475172179,0.86465,0.86499
1475172180,0.86464,0.86499
1475172180,0.86463,0.86498
1475172180,0.8646200000000001,0.86497
1475172180,0.8646200000000001,0.86496
1475172180,0.86463,0.86496
1475172180,0.8646200000000001,0.86496
1475172181,0.86461,0.86495
1475172181,0.86461,0.86495
1475172181,0.86461,0.86495
1475172181,0.8646,0.86495
1475172181,0.8646200000000001,0.86496
1475172181,0.86461,0.86496
1475172181,0.8646200000000001,0.86496
1475172184,0.86463,0.86496
1475172185,0.8646200000000001,0.86495
1475172185,0.86461,0.86495
1475172185,0.8646,0.86493
1475172186,0.8646,0.86495
1475172186,0.86461,0.86495
1475172186,0.8646,0.86495
1475172186,0.86461,0.86495
1475172186,0.8646,0.86495
1475172187,0.86459,0.86494
1475172187,0.86459,0.86493
1475172187,0.8646,0.86493
1475172189,0.86458,0.86493
1475172190,0.86459,0.86493
1475172191,0.8646,0.86495
1475172191,0.8646,0.86494
1475172191,0.86459,0.86494
1475172192,0.8646,0.86494
1475172195,0.86459,0.86494
1475172195,0.86459,0.86493
1475172195,0.86458,0.86493
1475172196,0.86459,0.86493
1475172199,0.86459,0.86492
1475172199,0.86458,0.86493
1475172199,0.86461,0.86495
1475172199,0.8646,0.86495
1475172199,0.86461,0.86495
1475172199,0.86461,0.86496
1475172200,0.8646200000000001,0.86496
1475172200,0.86461,0.86496
1475172200,0.8646200000000001,0.86496
1475172201,0.8646200000000001,0.86497
1475172203,0.86463,0.86497
1475172203,0.8646200000000001,0.86497
1475172204,0.86463,0.86497
1475172206,0.86464,0.86497
1475172206,0.86465,0.86497
1475172206,0.86465,0.86499
1475172206,0.86465,0.86498
1475172208,0.86465,0.865
1475172209,0.86466,0.865
1475172209,0.86467,0.8650099999999999
1475172209,0.86468,0.8650099999999999
1475172209,0.86466,0.8650099999999999
1475172210,0.86467,0.8650099999999999
1475172210,0.86466,0.8650099999999999
1475172211,0.86465,0.865
1475172211,0.86465,0.86499
1475172211,0.86465,0.865
1475172211,0.86464,0.865
1475172212,0.86465,0.865
1475172212,0.86466,0.865
1475172212,0.86467,0.865
1475172212,0.86467,0.86502
1475172213,0.86467,0.8650099999999999
1475172213,0.86466,0.8650099999999999
1475172214,0.86466,0.865
1475172214,0.86466,0.8650099999999999
1475172214,0.86465,0.865
1475172214,0.86465,0.86499
1475172215,0.86464,0.86499
1475172215,0.86463,0.86498
1475172216,0.86465,0.86498
1475172216,0.86464,0.86498
1475172217,0.86463,0.86498
1475172218,0.8646200000000001,0.86497
1475172219,0.86463,0.86498
1475172220,0.86463,0.86497
1475172220,0.8646200000000001,0.86497
1475172221,0.86463,0.86497
1475172221,0.86463,0.86498
1475172222,0.86464,0.86498
1475172223,0.86465,0.86498
1475172227,0.86463,0.86497
1475172227,0.86463,0.86497
1475172228,0.8646200000000001,0.86497
1475172228,0.86463,0.86498
1475172229,0.86464,0.86499
1475172229,0.86465,0.86497
1475172229,0.86463,0.86497
1475172229,0.86463,0.86496
1475172229,0.86463,0.86497
1475172230,0.8646200000000001,0.86497
1475172231,0.86463,0.86497
1475172231,0.86464,0.86498
1475172231,0.86466,0.86499
1475172231,0.86466,0.865
1475172231,0.86466,0.86499
1475172231,0.86465,0.86499
1475172232,0.86465,0.865
1475172232,0.86465,0.86499
1475172233,0.86464,0.86498
1475172233,0.86465,0.86498
1475172234,0.86466,0.865
1475172235,0.86465,0.865
1475172235,0.86467,0.86502
1475172235,0.86468,0.86502
1475172236,0.86467,0.86502
1475172237,0.86467,0.86502
1475172237,0.86467,0.86502
1475172238,0.86468,0.86503
1475172238,0.86469,0.86503
1475172238,0.86468,0.86502
1475172240,0.86468,0.86502
1475172240,0.86467,0.86502
1475172241,0.86468,0.86502
1475172241,0.86468,0.86503
1475172241,0.86469,0.86503
1475172242,0.86469,0.86504
1475172242,0.86469,0.86503
1475172243,0.8647,0.86503
1475172243,0.8647,0.86504
1475172246,0.8647,0.86505
1475172246,0.86471,0.8650600000000001
1475172246,0.86471,0.86505
1475172246,0.8647,0.86505
1475172248,0.8647,0.86504
1475172250,0.86471,0.86505
1475172250,0.86471,0.86504
1475172250,0.86471,0.86505
1475172250,0.86471,0.86504
1475172250,0.86469,0.86503
1475172251,0.8647,0.86503
1475172251,0.86469,0.86503
1475172251,0.86469,0.86504
1475172251,0.8647,0.86505
1475172252,0.8647,0.86504
1475172255,0.8647,0.86505
1475172255,0.86471,0.86505
1475172256,0.86471,0.8650600000000001
1475172256,0.86472,0.8650600000000001
1475172256,0.86472,0.86507
1475172256,0.86476,0.86509
1475172256,0.86475,0.8651
1475172256,0.86476,0.86509
1475172257,0.86476,0.86509
1475172257,0.86474,0.86508
1475172257,0.86474,0.86509
1475172258,0.86473,0.8650600000000001
1475172258,0.86473,0.86507
1475172258,0.86472,0.8650600000000001
1475172259,0.86473,0.8650600000000001
1475172259,0.86472,0.8650600000000001
1475172259,0.86471,0.8650600000000001
1475172259,0.86472,0.86507
1475172259,0.86472,0.86507
1475172259,0.86472,0.8650600000000001
1475172259,0.86472,0.86505
1475172259,0.86472,0.8650600000000001
1475172259,0.86472,0.86505
1475172259,0.86472,0.86504
1475172260,0.86471,0.86505
1475172260,0.86472,0.86505
1475172261,0.86472,0.8650600000000001
1475172261,0.86472,0.86505
1475172261,0.86471,0.86505
1475172261,0.86472,0.86505
1475172262,0.86471,0.86505
1475172262,0.86471,0.8650600000000001
1475172262,0.86473,0.86507
1475172263,0.86472,0.86505
1475172263,0.86472,0.86505
1475172263,0.86471,0.86504
1475172264,0.86471,0.86505
1475172266,0.86472,0.86507
1475172267,0.86472,0.86507
1475172268,0.86472,0.8650600000000001
1475172268,0.86472,0.86507
1475172269,0.86471,0.8650600000000001
1475172269,0.86472,0.8650600000000001
1475172269,0.86471,0.86505
1475172269,0.86471,0.8650600000000001
1475172269,0.86472,0.8650600000000001
1475172270,0.86472,0.86505
1475172270,0.86471,0.86504
1475172270,0.86471,0.86504
1475172271,0.8647,0.86504
1475172271,0.86471,0.86504
1475172272,0.86471,0.86503
1475172274,0.86472,0.86505
1475172276,0.86472,0.8650600000000001
1475172276,0.86473,0.8650600000000001
1475172277,0.86473,0.8650600000000001
1475172278,0.86472,0.8650600000000001
1475172278,0.86473,0.86507
1475172278,0.86473,0.86508
1475172278,0.86474,0.86508
1475172279,0.86474,0.86507
1475172280,0.86474,0.86508
1475172280,0.86474,0.86507
1475172281,0.86473,0.8650600000000001
1475172281,0.86471,0.86502
1475172281,0.8647,0.86502
1475172282,0.86469,0.86502
1475172283,0.86469,0.86503
1475172283,0.86469,0.86503
1475172283,0.86469,0.8650099999999999
1475172284,0.86469,0.86502
1475172284,0.86469,0.86503
1475172284,0.8647,0.86503
1475172284,0.8647,0.86504
1475172284,0.8647,0.86503
1475172285,0.86471,0.86505
1475172285,0.8647,0.86504
1475172285,0.86469,0.86502
1475172285,0.86468,0.86502
1475172285,0.86468,0.8650099999999999
1475172286,0.86468,0.86502
1475172286,0.86468,0.8650099999999999
1475172286,0.86467,0.8650099999999999
1475172286,0.86468,0.8650099999999999
1475172287,0.86468,0.865
1475172287,0.86467,0.865
1475172287,0.86468,0.865
1475172287,0.86468,0.865
1475172288,0.86467,0.865
1475172288,0.86465,0.86499
1475172288,0.86465,0.86498
1475172290,0.86465,0.86499
1475172290,0.86465,0.86498
1475172290,0.86465,0.86498
1475172290,0.86465,0.86499
1475172292,0.86465,0.86498
1475172293,0.86465,0.86499
1475172293,0.86465,0.865
1475172293,0.86466,0.865
1475172295,0.86466,0.8650099999999999
1475172295,0.86466,0.865
1475172296,0.86465,0.865
1475172296,0.86466,0.865
1475172296,0.86466,0.8650099999999999
1475172296,0.86466,0.865
1475172296,0.86466,0.8650099999999999
1475172296,0.86467,0.8650099999999999
1475172296,0.86468,0.8650099999999999
1475172297,0.86467,0.8650099999999999
1475172298,0.86468,0.8650099999999999
1475172298,0.86468,0.86502
1475172298,0.86467,0.8650099999999999
1475172299,0.86468,0.8650099999999999
1475172299,0.86467,0.8650099999999999
1475172299,0.86467,0.865
1475172299,0.86467,0.8650099999999999
1475172299,0.86469,0.86502
1475172299,0.86472,0.86504
1475172299,0.86472,0.86505
1475172299,0.86472,0.8650600000000001
1475172300,0.86473,0.8650600000000001
1475172300,0.86472,0.8650600000000001
1475172304,0.86473,0.86507
1475172304,0.86473,0.86507
1475172304,0.86471,0.86502
1475172305,0.86464,0.86496
1475172305,0.86464,0.86497
1475172306,0.86464,0.86499
1475172307,0.86465,0.86499
1475172307,0.86465,0.86498
1475172307,0.86467,0.86499
1475172308,0.86466,0.86499
1475172308,0.86463,0.86497
1475172309,0.86463,0.86496
1475172310,0.86463,0.86495
1475172310,0.8646200000000001,0.86494
1475172310,0.8646200000000001,0.86495
1475172311,0.8646200000000001,0.86496
1475172311,0.8646200000000001,0.86495
1475172311,0.8646200000000001,0.86496
1475172311,0.8646200000000001,0.86494
1475172312,0.8646200000000001,0.86495
1475172312,0.8646200000000001,0.86496
1475172312,0.86463,0.86496
1475172312,0.86463,0.86497
1475172314,0.86463,0.86498
1475172314,0.86464,0.86499
1475172315,0.86463,0.86498
1475172316,0.86464,0.86498
1475172316,0.86464,0.86499
1475172318,0.86463,0.86497
1475172318,0.8646200000000001,0.86494
1475172318,0.8646200000000001,0.86494
1475172318,0.86461,0.86494
1475172318,0.8646,0.86494
1475172319,0.86461,0.86493
1475172320,0.8646,0.86493
1475172320,0.86459,0.86492
1475172320,0.86459,0.86493
1475172320,0.86459,0.86494
1475172320,0.8646,0.86493
1475172321,0.8646,0.86494
1475172321,0.8646,0.86493
1475172321,0.8646,0.86494
1475172323,0.86459,0.86493
1475172323,0.86459,0.86492
1475172323,0.86459,0.86491
1475172324,0.86459,0.86494
1475172325,0.86458,0.86492
1475172325,0.86458,0.86492
1475172325,0.8645699999999999,0.8649
1475172327,0.86455,0.86489
1475172327,0.86455,0.86489
1475172328,0.86454,0.86488
1475172328,0.86454,0.86487
1475172328,0.86453,0.86486
1475172329,0.86452,0.86486
1475172329,0.86453,0.86487
1475172330,0.86453,0.86487
1475172331,0.86451,0.8648400000000001
1475172331,0.8645,0.86482
1475172331,0.86449,0.86483
1475172332,0.86448,0.86482
1475172332,0.86448,0.8648
1475172332,0.86442,0.86476
1475172332,0.86442,0.86476
1475172333,0.86443,0.86476
1475172333,0.86444,0.8647899999999999
1475172333,0.8644500000000001,0.8648
1475172334,0.86446,0.8648
1475172334,0.8644500000000001,0.8648
1475172334,0.86446,0.8648
1475172334,0.86448,0.86482
1475172335,0.86448,0.86483
1475172336,0.86448,0.86482
1475172336,0.86447,0.86482
1475172336,0.86448,0.86482
1475172336,0.86448,0.86481
1475172337,0.86448,0.86482
1475172337,0.86447,0.86483
1475172337,0.8645,0.86483
1475172338,0.86449,0.86483
1475172338,0.86449,0.86482
1475172338,0.86448,0.86482
1475172338,0.86449,0.86482
1475172338,0.86449,0.86481
1475172339,0.86448,0.86482
1475172340,0.8645,0.8648400000000001
1475172340,0.86449,0.86482
1475172341,0.86449,0.86483
1475172341,0.8645,0.8648400000000001
1475172341,0.86449,0.86483
1475172342,0.8645,0.8648400000000001
1475172342,0.8645,0.86485
1475172343,0.86449,0.86485
1475172343,0.86451,0.86485
1475172343,0.86452,0.86485
1475172344,0.86452,0.86486
1475172345,0.86452,0.86485
1475172346,0.86451,0.86485
1475172347,0.86452,0.86486
1475172347,0.86454,0.86487
1475172348,0.86454,0.86488
1475172348,0.86459,0.86494
1475172349,0.86461,0.86496
1475172349,0.8646200000000001,0.86496
1475172349,0.86461,0.86495
1475172349,0.86459,0.86493
1475172350,0.86458,0.86493
1475172351,0.86459,0.86493
1475172351,0.86458,0.86493
1475172354,0.86459,0.86494
1475172357,0.86459,0.86493
1475172357,0.86459,0.86493
1475172359,0.86461,0.86493
1475172359,0.86459,0.86493
1475172360,0.86458,0.86492
1475172361,0.86458,0.86493
1475172361,0.86458,0.86492
1475172362,0.86459,0.86492
1475172362,0.86459,0.86493
1475172362,0.86459,0.86492
1475172364,0.86459,0.86493
1475172364,0.86459,0.86494
1475172364,0.8646,0.86494
1475172364,0.8646,0.86493
1475172365,0.8646,0.86492
1475172365,0.86459,0.86493
1475172365,0.86459,0.86492
1475172365,0.86459,0.86493
1475172367,0.86461,0.86494
1475172367,0.86461,0.86493
1475172368,0.86461,0.86494
1475172368,0.86461,0.86494
1475172369,0.86461,0.86493
1475172369,0.8646,0.86493
1475172369,0.86459,0.86493
1475172370,0.86459,0.86494
1475172370,0.8646,0.86494
1475172370,0.8646,0.86493
1475172371,0.86459,0.86493
1475172371,0.8646,0.86494
1475172371,0.86461,0.86496
1475172371,0.8646200000000001,0.86495
1475172371,0.8646200000000001,0.86495
1475172371,0.86461,0.86495
1475172372,0.86461,0.86494
1475172372,0.86461,0.86493
1475172372,0.8646,0.86492
1475172372,0.86458,0.86492
1475172373,0.86458,0.86491
1475172373,0.8645699999999999,0.86491
1475172373,0.8645699999999999,0.8649
1475172374,0.86458,0.8649
1475172374,0.86458,0.86491
1475172374,0.86458,0.86492
1475172374,0.86459,0.86492
1475172375,0.86458,0.86492
1475172377,0.86459,0.86492
1475172383,0.86458,0.86492
1475172383,0.86458,0.86491
1475172383,0.8645699999999999,0.86491
1475172383,0.8645699999999999,0.86489
1475172383,0.86459,0.8649
1475172383,0.86459,0.86491
1475172383,0.86459,0.8649
1475172385,0.86458,0.86492
1475172385,0.86459,0.86492
1475172387,0.86459,0.86491
1475172387,0.86458,0.86492
1475172388,0.86458,0.86491
1475172389,0.8645699999999999,0.86491
1475172389,0.8645699999999999,0.86489
1475172389,0.86456,0.86489
1475172389,0.8645699999999999,0.8649
1475172389,0.8645699999999999,0.86489
1475172389,0.8645699999999999,0.86488
1475172389,0.86456,0.86488
1475172390,0.86455,0.86488
1475172390,0.86455,0.86489
1475172390,0.86455,0.86488
1475172391,0.86455,0.86489
1475172391,0.86455,0.8649
1475172391,0.8645699999999999,0.8649
1475172392,0.86456,0.8649
1475172392,0.8645699999999999,0.8649
1475172392,0.86458,0.8649
1475172392,0.86456,0.8649
1475172392,0.86456,0.86489
1475172393,0.8645699999999999,0.86489
1475172393,0.86456,0.86489
1475172393,0.8645699999999999,0.86489
1475172393,0.86456,0.86489
1475172393,0.8645699999999999,0.8649
1475172393,0.86456,0.8649
1475172394,0.8645699999999999,0.8649
1475172394,0.86456,0.8649
1475172394,0.86456,0.86491
1475172394,0.8645699999999999,0.86491
1475172394,0.86458,0.86491
1475172394,0.8645699999999999,0.86491
1475172395,0.8645699999999999,0.86491
1475172395,0.8645699999999999,0.86491
1475172395,0.86458,0.86491
1475172395,0.86458,0.86492
1475172395,0.86458,0.86491
1475172398,0.86458,0.8649
1475172398,0.8645699999999999,0.8649
1475172398,0.8645699999999999,0.86488
1475172398,0.86456,0.86489
1475172398,0.86456,0.8649
1475172399,0.86456,0.86489
1475172399,0.86456,0.8649
1475172399,0.86455,0.8649
1475172400,0.86455,0.86489
1475172400,0.86456,0.8649
1475172400,0.8645699999999999,0.8649
1475172402,0.86456,0.86489
1475172402,0.86455,0.8649
1475172402,0.86456,0.86489
1475172402,0.86456,0.8649
1475172404,0.86455,0.86489
1475172405,0.86455,0.8649
1475172405,0.86456,0.8649
1475172405,0.86456,0.8649
1475172406,0.8645699999999999,0.8649
1475172406,0.86456,0.86489
1475172407,0.86458,0.86489
1475172407,0.86458,0.86491
1475172407,0.8645699999999999,0.8649
1475172407,0.8645699999999999,0.86489
1475172408,0.86456,0.86489
1475172409,0.86455,0.86488
1475172409,0.86455,0.86489
1475172410,0.86454,0.86487
1475172410,0.86455,0.86487
1475172410,0.86454,0.86487
1475172410,0.86455,0.86487
1475172411,0.86455,0.86489
1475172411,0.86456,0.86489
1475172411,0.86456,0.8649
1475172411,0.86458,0.8649
1475172412,0.86456,0.8649
1475172412,0.86455,0.86489
1475172412,0.86455,0.86488
1475172413,0.86456,0.86489
1475172413,0.86456,0.8649
1475172413,0.86456,0.86491
1475172413,0.8645699999999999,0.86491
1475172413,0.86456,0.86489
1475172413,0.86455,0.86489
1475172414,0.86455,0.86488
1475172416,0.86455,0.8649
1475172416,0.86456,0.8649
1475172416,0.86456,0.86489
1475172417,0.86456,0.8649
1475172417,0.86456,0.86489
1475172418,0.86456,0.86488
1475172418,0.86454,0.86488
1475172424,0.86455,0.86488
