1474410301,0.85856,0.85892
1474410324,0.85855,0.85891
1474410328,0.85854,0.85888
1474410328,0.85854,0.85891
1474410331,0.85854,0.8589
1474410331,0.85853,0.85889
1474410331,0.85853,0.85887
1474410332,0.8585199999999999,0.85887
1474410332,0.85851,0.85887
1474410333,0.8585199999999999,0.85888
1474410333,0.85853,0.85888
1474410333,0.8585199999999999,0.85888
1474410334,0.8585,0.85886
1474410334,0.8585,0.85884
1474410335,0.85849,0.85884
1474410335,0.85849,0.85885
1474410337,0.85848,0.85885
1474410337,0.85848,0.85881
1474410337,0.85846,0.85881
1474410338,0.85847,0.85881
1474410338,0.85846,0.85881
1474410338,0.85847,0.85881
1474410340,0.85846,0.85881
1474410340,0.85846,0.8588
1474410340,0.85847,0.85881
1474410341,0.85846,0.85881
1474410342,0.85847,0.85881
1474410343,0.85846,0.85881
1474410343,0.85845,0.85881
1474410343,0.85846,0.85881
1474410347,0.85846,0.8588
1474410347,0.85845,0.8588
1474410347,0.85844,0.8588
1474410360,0.85844,0.85881
1474410360,0.85844,0.8587900000000001
1474410363,0.85845,0.8587900000000001
1474410380,0.85845,0.85881
1474410380,0.85845,0.8587900000000001
1474410400,0.85845,0.8587900000000001
1474410415,0.85846,0.8587900000000001
1474410420,0.85846,0.85881
1474410420,0.85846,0.8587900000000001
1474410425,0.85845,0.8587900000000001
1474410440,0.85845,0.85881
1474410440,0.85845,0.8587900000000001
1474410440,0.85845,0.85881
1474410440,0.85846,0.8588
1474410456,0.85847,0.8588
1474410459,0.85848,0.8588
1474410460,0.85848,0.85881
1474410460,0.85848,0.8588
1474410460,0.85848,0.8587900000000001
1474410460,0.85848,0.85881
1474410460,0.85848,0.8588
1474410468,0.85848,0.85882
1474410468,0.85848,0.8587900000000001
1474410476,0.85848,0.85883
1474410476,0.85848,0.8588
1474410479,0.85849,0.8588
1474410496,0.85849,0.8587900000000001
1474410512,0.85849,0.8588
1474410533,0.85849,0.8588
1474410540,0.85849,0.85883
1474410540,0.85849,0.8588
1474410540,0.85849,0.85882
1474410540,0.85849,0.8587900000000001
1474410544,0.85848,0.8587900000000001
1474410544,0.85843,0.85876
1474410544,0.85842,0.85876
1474410545,0.85839,0.85875
1474410547,0.8584000000000001,0.85875
1474410547,0.85839,0.85875
1474410547,0.8584000000000001,0.85875
1474410548,0.85839,0.85875
1474410548,0.8584000000000001,0.85875
1474410548,0.8584000000000001,0.85877
1474410548,0.8584000000000001,0.85876
1474410551,0.85838,0.85875
1474410556,0.85839,0.85876
1474410556,0.85839,0.85875
1474410556,0.8584000000000001,0.85875
1474410556,0.85839,0.85876
1474410557,0.85838,0.85875
1474410557,0.85839,0.85875
1474410562,0.85838,0.85875
1474410563,0.85839,0.85876
1474410567,0.85838,0.8587399999999999
1474410568,0.85837,0.8587399999999999
1474410568,0.85838,0.8587399999999999
1474410568,0.85837,0.8587399999999999
1474410568,0.85838,0.8587399999999999
1474410572,0.85838,0.85875
1474410574,0.85837,0.8587399999999999
1474410574,0.85837,0.8587399999999999
1474410575,0.85836,0.85865
1474410575,0.85833,0.85872
1474410575,0.85834,0.85873
1474410575,0.85836,0.85875
1474410576,0.85838,0.85875
1474410576,0.85839,0.85875
1474410577,0.85836,0.85875
1474410577,0.85839,0.85875
1474410581,0.85836,0.85875
1474410581,0.8584000000000001,0.85875
1474410582,0.85836,0.85875
1474410583,0.85837,0.85875
1474410584,0.85841,0.85876
1474410584,0.85842,0.85876
1474410584,0.85843,0.85878
1474410584,0.85843,0.85878
1474410584,0.85842,0.85878
1474410585,0.85842,0.85877
1474410585,0.85841,0.85877
1474410591,0.85839,0.85876
1474410591,0.85838,0.85875
1474410592,0.85839,0.85875
1474410592,0.8584000000000001,0.85877
1474410592,0.8584000000000001,0.85875
1474410592,0.85839,0.85875
1474410596,0.85837,0.8587399999999999
1474410602,0.85838,0.8587399999999999
1474410602,0.85838,0.85875
1474410602,0.85839,0.85876
1474410602,0.8584000000000001,0.85876
1474410602,0.85841,0.85876
1474410607,0.8584000000000001,0.85876
1474410614,0.85839,0.85873
1474410614,0.85839,0.85872
1474410614,0.85838,0.85875
1474410614,0.8584000000000001,0.85877
1474410614,0.8584000000000001,0.85877
1474410614,0.8584000000000001,0.85875
1474410615,0.85839,0.85875
1474410615,0.8584000000000001,0.85875
1474410620,0.85838,0.85875
1474410620,0.85838,0.8587399999999999
1474410620,0.85836,0.85873
1474410620,0.85837,0.85873
1474410620,0.85837,0.8587399999999999
1474410620,0.85839,0.8587399999999999
1474410620,0.85839,0.85875
1474410620,0.8584000000000001,0.85875
1474410621,0.85841,0.85876
1474410621,0.85842,0.85876
1474410621,0.85841,0.85876
1474410621,0.85843,0.85877
1474410621,0.85842,0.85877
1474410622,0.85843,0.85877
1474410627,0.85843,0.8588
1474410627,0.85843,0.85878
1474410629,0.85844,0.85878
1474410632,0.85843,0.85878
1474410636,0.85844,0.8588
1474410636,0.85844,0.8587900000000001
1474410639,0.85846,0.8588
1474410639,0.85846,0.85882
1474410639,0.85846,0.8588
1474410640,0.85847,0.8588
1474410640,0.85849,0.85882
1474410640,0.85848,0.85882
1474410640,0.85849,0.85883
1474410640,0.85848,0.85882
1474410640,0.85849,0.85882
1474410642,0.85849,0.85883
1474410642,0.85848,0.85881
1474410642,0.85849,0.85881
1474410642,0.85849,0.85884
1474410643,0.8585,0.85884
1474410643,0.85849,0.85884
1474410643,0.85848,0.85881
1474410644,0.85849,0.85884
1474410645,0.85848,0.85882
1474410646,0.85849,0.85884
1474410646,0.8585,0.85884
1474410646,0.85849,0.85884
1474410646,0.85848,0.85882
1474410648,0.85849,0.85884
1474410651,0.85848,0.85881
1474410652,0.85849,0.85884
1474410656,0.85848,0.85884
1474410656,0.85848,0.85881
1474410657,0.85848,0.85882
1474410657,0.85849,0.85884
1474410658,0.85848,0.85882
1474410659,0.85849,0.85884
1474410659,0.85848,0.85881
1474410660,0.85849,0.85881
1474410660,0.85849,0.85884
1474410662,0.8585,0.85884
1474410662,0.85849,0.85884
1474410662,0.85848,0.85881
1474410662,0.85849,0.85881
1474410662,0.85848,0.85881
1474410664,0.85849,0.85884
1474410666,0.85849,0.85881
1474410666,0.85849,0.85884
1474410666,0.8585,0.85884
1474410667,0.85849,0.85881
1474410668,0.8585,0.85884
1474410669,0.85849,0.85881
1474410669,0.8585,0.85881
1474410670,0.8585,0.85884
1474410670,0.85849,0.85881
1474410672,0.8585,0.85881
1474410672,0.8585,0.85882
1474410672,0.8585,0.85884
1474410673,0.85849,0.85884
1474410673,0.85849,0.85884
1474410673,0.85849,0.85884
1474410673,0.8585,0.85884
1474410675,0.85849,0.85884
1474410675,0.85849,0.85881
1474410675,0.8585,0.85881
1474410675,0.8585,0.85881
1474410675,0.8585,0.85881
1474410675,0.8585,0.85882
1474410677,0.85851,0.85885
1474410677,0.8585199999999999,0.85885
1474410677,0.85851,0.85885
1474410683,0.8585199999999999,0.85885
1474410684,0.8585199999999999,0.85885
1474410685,0.8585,0.85885
1474410685,0.8585199999999999,0.85885
1474410685,0.85851,0.85885
1474410685,0.8585,0.85885
1474410689,0.85851,0.85885
1474410690,0.8585,0.85885
1474410691,0.85851,0.85885
1474410692,0.8585,0.85885
1474410693,0.8585199999999999,0.85885
1474410693,0.8585,0.85885
1474410693,0.8585199999999999,0.85885
1474410694,0.85851,0.85885
1474410696,0.8585199999999999,0.85885
1474410697,0.85851,0.85885
1474410704,0.85853,0.85886
1474410704,0.8585199999999999,0.85886
1474410705,0.85853,0.85886
1474410705,0.8585199999999999,0.85886
1474410705,0.85853,0.85886
1474410705,0.85853,0.85885
1474410705,0.85851,0.85884
1474410706,0.8585199999999999,0.85884
1474410706,0.8585199999999999,0.85886
1474410707,0.85851,0.85884
1474410707,0.8585199999999999,0.85884
1474410707,0.8585199999999999,0.85886
1474410709,0.85853,0.85886
1474410709,0.85851,0.85884
1474410709,0.8585199999999999,0.85884
1474410709,0.8585199999999999,0.85884
1474410710,0.8585199999999999,0.85886
1474410710,0.8585199999999999,0.85885
1474410710,0.8585199999999999,0.85886
1474410711,0.85853,0.85886
1474410711,0.8585199999999999,0.85884
1474410711,0.8585199999999999,0.85886
1474410711,0.85853,0.85886
1474410712,0.85853,0.85885
1474410712,0.8585199999999999,0.85885
1474410712,0.8585199999999999,0.85886
1474410712,0.8585199999999999,0.85884
1474410712,0.85851,0.85884
1474410712,0.8585199999999999,0.85884
1474410713,0.8585199999999999,0.85886
1474410714,0.8585199999999999,0.85884
1474410715,0.85851,0.85884
1474410715,0.8585199999999999,0.85884
1474410715,0.8585199999999999,0.85886
1474410716,0.85853,0.85886
1474410716,0.8585199999999999,0.85886
1474410716,0.8585199999999999,0.85884
1474410717,0.8585199999999999,0.85886
1474410718,0.85853,0.85886
1474410718,0.8585199999999999,0.85886
1474410719,0.8585199999999999,0.85884
1474410719,0.85851,0.85884
1474410719,0.8585199999999999,0.85884
1474410720,0.85851,0.85884
1474410720,0.8585199999999999,0.85884
1474410720,0.8585199999999999,0.85886
1474410720,0.85851,0.85885
1474410720,0.8585199999999999,0.85886
1474410721,0.85851,0.85885
1474410721,0.8585199999999999,0.85885
1474410721,0.8585199999999999,0.85886
1474410722,0.8585199999999999,0.85884
1474410722,0.8585199999999999,0.85885
1474410722,0.85851,0.85885
1474410722,0.8585199999999999,0.85885
1474410723,0.85851,0.85885
1474410723,0.85851,0.85884
1474410724,0.8585199999999999,0.85884
1474410724,0.8585199999999999,0.85886
1474410724,0.85853,0.85886
1474410724,0.8585199999999999,0.85886
1474410724,0.85853,0.85886
1474410725,0.8585199999999999,0.85886
1474410725,0.85853,0.85886
1474410725,0.85853,0.85887
1474410726,0.85853,0.85886
1474410726,0.85853,0.85887
1474410727,0.85853,0.85886
1474410728,0.8585199999999999,0.85886
1474410731,0.8585199999999999,0.85887
1474410732,0.8585199999999999,0.85886
1474410733,0.85851,0.85886
1474410733,0.8585199999999999,0.85886
1474410733,0.85851,0.85886
1474410743,0.85851,0.85887
1474410744,0.85851,0.85886
1474410747,0.85851,0.85887
1474410748,0.85851,0.85886
1474410750,0.85853,0.85887
1474410751,0.85854,0.85887
1474410751,0.85854,0.85891
1474410751,0.85854,0.85891
1474410751,0.85854,0.8589
1474410759,0.85853,0.8589
1474410759,0.85854,0.8589
1474410760,0.85854,0.85891
1474410760,0.85854,0.8589
1474410761,0.85854,0.85891
1474410762,0.85854,0.8589
1474410765,0.85853,0.85889
1474410765,0.85854,0.85891
1474410766,0.85855,0.85891
1474410766,0.85855,0.85892
1474410781,0.85855,0.85891
1474410782,0.85854,0.85891
1474410789,0.85853,0.8589
1474410789,0.85854,0.85891
1474410802,0.85855,0.85891
1474410802,0.85858,0.85892
1474410802,0.85858,0.85892
1474410802,0.8586,0.85895
1474410802,0.85859,0.85895
1474410802,0.85859,0.85894
1474410803,0.85859,0.8589599999999999
1474410803,0.85859,0.85895
1474410806,0.85859,0.8589599999999999
1474410814,0.8586,0.85897
1474410814,0.85861,0.85897
1474410814,0.8586,0.85897
1474410826,0.85861,0.85897
1474410827,0.85862,0.85898
1474410827,0.85862,0.85899
1474410828,0.85864,0.8590100000000001
1474410828,0.85865,0.8590100000000001
1474410828,0.85865,0.85902
1474410828,0.85865,0.8590100000000001
1474410828,0.85865,0.85902
1474410828,0.85866,0.85902
1474410829,0.85865,0.85902
1474410830,0.85864,0.8590100000000001
1474410830,0.85864,0.859
1474410830,0.85864,0.859
1474410837,0.85863,0.85899
1474410849,0.85862,0.85898
1474410863,0.85861,0.85898
1474410871,0.85861,0.85897
1474410872,0.85862,0.85897
1474410874,0.85862,0.85898
1474410879,0.85863,0.85898
1474410879,0.85864,0.85899
1474410879,0.85865,0.85898
1474410879,0.85862,0.85898
1474410889,0.85862,0.85898
1474410900,0.8586,0.85897
1474410901,0.85859,0.8589599999999999
1474410910,0.85859,0.85895
1474410910,0.85859,0.85894
1474410911,0.85859,0.85895
1474410911,0.85859,0.8589599999999999
1474410916,0.85859,0.85895
1474410916,0.85859,0.8589599999999999
1474410917,0.85859,0.85895
1474410917,0.85859,0.8589599999999999
1474410931,0.8586,0.8589599999999999
1474410931,0.8586,0.85897
1474410931,0.85859,0.8589599999999999
1474410931,0.8586,0.85897
1474410947,0.85859,0.8589599999999999
1474410953,0.8586,0.85897
1474410961,0.85861,0.85898
1474410983,0.8586,0.85897
1474411011,0.85861,0.85898
1474411047,0.85862,0.85899
1474411064,0.85863,0.85899
1474411067,0.85862,0.85899
1474411070,0.85863,0.85899
1474411070,0.85861,0.85898
1474411070,0.85862,0.85898
1474411079,0.85863,0.85899
1474411079,0.85862,0.85899
1474411080,0.85862,0.85898
1474411080,0.85863,0.85899
1474411112,0.85864,0.85899
1474411112,0.85863,0.85899
1474411113,0.85864,0.85899
1474411120,0.85864,0.859
1474411138,0.85863,0.859
1474411138,0.85863,0.85899
1474411146,0.85862,0.85898
1474411146,0.85861,0.85897
1474411146,0.85858,0.85895
1474411146,0.85858,0.85894
1474411146,0.85859,0.85894
1474411146,0.85858,0.85894
1474411147,0.8585700000000001,0.85894
1474411147,0.85858,0.85894
1474411148,0.8585700000000001,0.85894
1474411150,0.85858,0.85894
1474411154,0.85858,0.85894
1474411154,0.85858,0.85894
1474411158,0.85859,0.85894
1474411169,0.8586,0.85894
1474411170,0.8586,0.85895
1474411170,0.8586,0.8589599999999999
1474411170,0.85861,0.8589599999999999
1474411170,0.85861,0.85897
1474411174,0.8586,0.8589599999999999
1474411174,0.85861,0.8589599999999999
1474411174,0.8586,0.8589599999999999
1474411174,0.8586,0.85897
1474411174,0.8586,0.8589599999999999
1474411174,0.85858,0.85894
1474411174,0.8585700000000001,0.85893
1474411175,0.85856,0.85893
1474411175,0.85856,0.85892
1474411190,0.8585700000000001,0.85893
1474411191,0.85856,0.85893
1474411194,0.85856,0.85892
1474411194,0.85856,0.85893
1474411195,0.8585700000000001,0.85893
1474411195,0.8585700000000001,0.85893
1474411195,0.8585700000000001,0.85894
1474411197,0.85856,0.85893
1474411200,0.8585700000000001,0.85894
1474411200,0.85858,0.85894
1474411202,0.8585700000000001,0.85893
1474411208,0.85856,0.85893
1474411208,0.8585700000000001,0.85893
1474411213,0.85858,0.85893
1474411214,0.8585700000000001,0.85893
1474411216,0.85856,0.85893
1474411222,0.85855,0.85892
1474411223,0.85855,0.85891
1474411223,0.85855,0.85892
1474411223,0.85855,0.85891
1474411224,0.85854,0.85891
1474411232,0.85855,0.85892
1474411232,0.85854,0.85891
1474411232,0.85855,0.85891
1474411232,0.85855,0.85892
1474411240,0.85854,0.85891
1474411240,0.85855,0.85891
1474411249,0.85854,0.85891
1474411250,0.85855,0.85892
1474411256,0.85855,0.85891
1474411256,0.85855,0.85892
1474411270,0.85854,0.85891
1474411270,0.85855,0.85891
1474411270,0.85854,0.85891
1474411271,0.85855,0.85891
1474411271,0.85855,0.85892
1474411278,0.85856,0.85892
1474411278,0.85855,0.85892
1474411278,0.85856,0.85892
1474411279,0.85855,0.85892
1474411279,0.85856,0.85893
1474411280,0.85856,0.85892
1474411282,0.85856,0.85893
1474411293,0.85856,0.85892
1474411294,0.85856,0.85893
1474411309,0.85856,0.85892
1474411309,0.85856,0.85893
1474411312,0.85856,0.85892
1474411312,0.85855,0.85892
1474411314,0.85856,0.85892
1474411318,0.85855,0.85891
1474411318,0.85856,0.85892
1474411318,0.85856,0.85891
1474411319,0.85855,0.85891
1474411323,0.85854,0.8589
1474411324,0.85854,0.85891
1474411331,0.85855,0.85892
1474411346,0.85855,0.85891
1474411346,0.85854,0.85891
1474411347,0.85853,0.8589
1474411347,0.85854,0.8589
1474411347,0.85854,0.85891
1474411353,0.85853,0.85888
1474411353,0.85853,0.85888
1474411365,0.85851,0.85887
1474411365,0.8585,0.85886
1474411366,0.85851,0.85887
1474411372,0.8585,0.85886
1474411372,0.85851,0.85886
1474411372,0.85851,0.85887
1474411374,0.8585,0.85886
1474411374,0.85851,0.85887
1474411374,0.8585,0.85886
1474411374,0.8585,0.85886
1474411374,0.85851,0.85886
1474411382,0.8585,0.85886
1474411383,0.85851,0.85887
1474411402,0.8585199999999999,0.85887
1474411403,0.85851,0.85887
1474411407,0.8585,0.85886
1474411409,0.85851,0.85887
1474411413,0.8585,0.85886
1474411413,0.85851,0.85886
1474411426,0.85851,0.85888
1474411452,0.85851,0.85887
1474411452,0.85851,0.85888
1474411472,0.8585199999999999,0.85889
1474411473,0.8585199999999999,0.85888
1474411473,0.8585199999999999,0.85889
1474411474,0.85853,0.85889
1474411482,0.85854,0.85889
1474411482,0.85853,0.85889
1474411505,0.8585199999999999,0.85889
1474411505,0.85853,0.85889
1474411505,0.8585199999999999,0.85889
1474411505,0.85853,0.85888
1474411515,0.85853,0.85889
1474411523,0.8585199999999999,0.85889
1474411525,0.85853,0.85889
1474411527,0.85853,0.85889
1474411530,0.8585199999999999,0.85889
1474411531,0.85853,0.85889
1474411532,0.8585199999999999,0.85889
1474411532,0.8585199999999999,0.85888
1474411532,0.85853,0.85888
1474411532,0.8585199999999999,0.85888
1474411533,0.85853,0.85888
1474411540,0.8585199999999999,0.85888
1474411543,0.85853,0.85889
1474411550,0.85854,0.85889
1474411551,0.85853,0.85889
1474411551,0.85853,0.85888
1474411551,0.8585199999999999,0.85888
1474411556,0.85853,0.85889
1474411563,0.85855,0.85891
1474411563,0.85855,0.85892
1474411564,0.85855,0.85892
1474411571,0.85856,0.85893
1474411571,0.8585700000000001,0.85893
1474411572,0.8585700000000001,0.85892
1474411572,0.85856,0.85892
1474411572,0.85855,0.85892
1474411582,0.85856,0.85892
1474411585,0.85856,0.85891
1474411585,0.85854,0.85891
1474411588,0.8585700000000001,0.85893
1474411595,0.85856,0.85893
1474411595,0.85856,0.85892
1474411596,0.8585700000000001,0.85892
1474411597,0.8585700000000001,0.85893
1474411601,0.8585700000000001,0.85894
1474411623,0.8585700000000001,0.85893
1474411623,0.85856,0.85893
1474411626,0.8585700000000001,0.85894
1474411638,0.85858,0.85894
1474411642,0.85858,0.85895
1474411644,0.8585700000000001,0.85894
1474411644,0.8585700000000001,0.85893
1474411645,0.8585700000000001,0.85894
1474411652,0.85858,0.85894
1474411653,0.85859,0.85895
1474411653,0.8586,0.8589599999999999
1474411670,0.85861,0.85897
1474411670,0.85861,0.8589599999999999
1474411670,0.8586,0.8589599999999999
1474411671,0.85861,0.85897
1474411673,0.85859,0.85895
1474411673,0.85859,0.85895
1474411679,0.8586,0.85895
1474411679,0.85861,0.85897
1474411679,0.85861,0.8589599999999999
1474411679,0.85861,0.85897
1474411679,0.85861,0.8589599999999999
1474411680,0.8586,0.8589599999999999
1474411686,0.85861,0.8589599999999999
1474411687,0.85861,0.85897
1474411702,0.85858,0.85895
1474411702,0.85855,0.85891
1474411711,0.85854,0.8589
1474411715,0.85855,0.85891
1474411720,0.85854,0.8589
1474411721,0.85856,0.8589
1474411721,0.85856,0.85892
1474411721,0.85854,0.8589
1474411722,0.85856,0.85892
1474411722,0.8585700000000001,0.85893
1474411723,0.85858,0.85894
1474411723,0.8585700000000001,0.85894
1474411741,0.85856,0.85893
1474411742,0.8585700000000001,0.85894
1474411749,0.85858,0.85894
1474411749,0.85858,0.85895
1474411759,0.85859,0.85895
1474411762,0.85858,0.85894
1474411762,0.8585700000000001,0.85894
1474411763,0.85858,0.85894
1474411763,0.85858,0.85895
1474411763,0.85859,0.85895
1474411769,0.8586,0.85895
1474411770,0.85859,0.85895
1474411770,0.8586,0.85895
1474411780,0.8586,0.8589599999999999
1474411783,0.85859,0.85895
1474411783,0.8586,0.85895
1474411787,0.8586,0.8589599999999999
1474411788,0.85859,0.85895
1474411790,0.85858,0.85895
1474411790,0.85859,0.85895
1474411794,0.8586,0.85895
1474411794,0.8586,0.8589599999999999
1474411798,0.85859,0.85895
1474411798,0.85858,0.85895
1474411799,0.8585700000000001,0.85894
1474411800,0.8585700000000001,0.85893
1474411800,0.85856,0.85893
1474411800,0.85856,0.85892
1474411800,0.85855,0.85892
1474411800,0.85856,0.85892
1474411808,0.85856,0.85891
1474411808,0.85855,0.85891
1474411820,0.85856,0.85891
1474411820,0.85856,0.85892
1474411824,0.8585700000000001,0.85893
1474411835,0.85858,0.85894
1474411860,0.8585700000000001,0.85894
1474411872,0.85858,0.85895
1474411872,0.85858,0.85895
1474411872,0.85858,0.85894
1474411872,0.8585700000000001,0.85894
1474411874,0.85858,0.85895
1474411877,0.8585700000000001,0.85894
1474411877,0.85858,0.85895
1474411879,0.8585700000000001,0.85894
1474411879,0.85858,0.85894
1474411886,0.8585700000000001,0.85894
1474411893,0.8585700000000001,0.85893
1474411894,0.8585700000000001,0.85894
1474411913,0.85858,0.85895
1474411913,0.85858,0.85894
1474411913,0.85858,0.85895
1474411931,0.8585700000000001,0.85894
1474411935,0.85858,0.85895
1474411949,0.85858,0.85893
1474411955,0.8585700000000001,0.85893
1474411980,0.8585700000000001,0.85894
1474412005,0.8585700000000001,0.85893
1474412022,0.85856,0.85893
1474412040,0.85855,0.85892
1474412041,0.85856,0.85893
1474412043,0.8585700000000001,0.85893
1474412043,0.8585700000000001,0.85894
1474412044,0.85856,0.85893
1474412050,0.85855,0.85892
1474412070,0.85856,0.85892
1474412070,0.85856,0.85893
1474412096,0.85856,0.85892
1474412096,0.85855,0.85892
1474412106,0.85856,0.85893
1474412109,0.8585700000000001,0.85893
1474412112,0.8585700000000001,0.85894
1474412114,0.85858,0.85894
1474412117,0.8585700000000001,0.85894
1474412118,0.85858,0.85895
1474412118,0.8585700000000001,0.85893
1474412118,0.85854,0.85891
1474412119,0.85854,0.8589
1474412119,0.85854,0.85891
1474412119,0.85855,0.85892
1474412120,0.85854,0.85891
1474412120,0.85855,0.85892
1474412124,0.85856,0.85892
1474412124,0.8586,0.85894
1474412124,0.85861,0.85897
1474412124,0.85859,0.8589599999999999
1474412127,0.85859,0.8589599999999999
1474412127,0.85859,0.85895
1474412127,0.85859,0.8589599999999999
1474412127,0.85859,0.8589599999999999
1474412127,0.85859,0.85895
1474412128,0.85859,0.8589599999999999
1474412128,0.85858,0.85895
1474412129,0.85858,0.85894
1474412141,0.8585700000000001,0.85894
1474412141,0.85856,0.85893
1474412141,0.8585700000000001,0.85893
1474412141,0.8585700000000001,0.85894
1474412141,0.85858,0.85895
1474412145,0.8585700000000001,0.85894
1474412160,0.85858,0.85895
1474412174,0.8585700000000001,0.85894
1474412189,0.85858,0.85895
1474412196,0.8585700000000001,0.85894
1474412219,0.85858,0.85894
1474412220,0.8585700000000001,0.85894
1474412248,0.85858,0.85894
1474412248,0.85858,0.85895
1474412283,0.85858,0.85894
1474412288,0.8585700000000001,0.85894
1474412304,0.85858,0.85895
1474412313,0.85858,0.85894
1474412354,0.85858,0.85895
1474412354,0.85858,0.85894
1474412354,0.85858,0.85895
1474412355,0.85858,0.85894
1474412355,0.85858,0.85895
1474412356,0.85858,0.85894
1474412356,0.85858,0.85894
1474412356,0.85858,0.85895
1474412362,0.85858,0.85895
1474412362,0.85859,0.85895
1474412365,0.8586,0.8589599999999999
1474412366,0.8586,0.85897
1474412366,0.8586,0.8589599999999999
1474412368,0.8586,0.85897
1474412368,0.8586,0.8589599999999999
1474412368,0.85859,0.8589599999999999
1474412372,0.8586,0.85897
1474412380,0.8586,0.8589599999999999
1474412389,0.85859,0.8589599999999999
1474412389,0.8586,0.8589599999999999
1474412389,0.85859,0.8589599999999999
1474412398,0.8586,0.8589599999999999
1474412398,0.85861,0.85898
1474412399,0.85864,0.8590100000000001
1474412399,0.85865,0.8590100000000001
1474412399,0.85865,0.85902
1474412400,0.85866,0.85902
1474412400,0.85866,0.85903
1474412400,0.85867,0.85904
1474412400,0.85864,0.8590100000000001
1474412401,0.85862,0.85899
1474412404,0.85863,0.859
1474412404,0.85864,0.859
1474412416,0.85864,0.85899
1474412417,0.85863,0.85899
1474412421,0.85863,0.85899
1474412421,0.85862,0.85899
1474412422,0.85863,0.85899
1474412427,0.85862,0.85898
1474412428,0.85863,0.85899
1474412428,0.85863,0.85898
1474412438,0.85863,0.85897
1474412439,0.85862,0.85897
1474412440,0.85861,0.85897
1474412440,0.85862,0.85897
1474412445,0.85861,0.85897
1474412445,0.85861,0.8589599999999999
1474412445,0.85861,0.85895
1474412445,0.8585700000000001,0.85893
1474412446,0.8585700000000001,0.85894
1474412446,0.85858,0.85895
1474412449,0.8585700000000001,0.85894
1474412449,0.8585700000000001,0.85893
1474412464,0.85858,0.85894
1474412464,0.85858,0.85895
1474412467,0.85859,0.8589599999999999
1474412473,0.85858,0.85895
1474412474,0.85859,0.8589599999999999
1474412483,0.8586,0.8589599999999999
1474412483,0.8586,0.85897
1474412492,0.85859,0.8589599999999999
1474412510,0.85859,0.85894
1474412511,0.8585700000000001,0.85892
1474412511,0.85856,0.85893
1474412514,0.85856,0.85892
1474412526,0.85855,0.85889
1474412526,0.85855,0.85889
1474412527,0.85853,0.8589
1474412527,0.85854,0.8589
1474412528,0.85853,0.8589
1474412530,0.85854,0.8589
1474412531,0.85853,0.8589
1474412532,0.85854,0.8589
1474412536,0.85854,0.85891
1474412545,0.85854,0.8589
1474412550,0.85853,0.8589
1474412556,0.8585199999999999,0.85889
1474412562,0.85851,0.85888
1474412562,0.85851,0.85887
1474412562,0.8585199999999999,0.85888
1474412562,0.85851,0.85888
1474412562,0.8585199999999999,0.85889
1474412562,0.8585199999999999,0.85888
1474412563,0.8585199999999999,0.85889
1474412564,0.8585199999999999,0.85888
1474412564,0.85851,0.85888
1474412564,0.85851,0.85887
1474412564,0.8585199999999999,0.85889
1474412565,0.8585199999999999,0.85889
1474412565,0.8585199999999999,0.85889
1474412571,0.85853,0.8589
1474412571,0.85855,0.8589
1474412571,0.85854,0.8589
1474412571,0.85855,0.8589
1474412572,0.85855,0.85892
1474412572,0.85856,0.85892
1474412576,0.85856,0.85892
1474412576,0.8585700000000001,0.85892
1474412593,0.85855,0.85892
1474412593,0.85855,0.85892
1474412593,0.85855,0.85891
1474412594,0.85856,0.85891
1474412594,0.85855,0.85891
1474412594,0.85856,0.85891
1474412595,0.85855,0.85892
1474412595,0.85856,0.85892
1474412597,0.85855,0.85892
1474412597,0.85854,0.85891
1474412597,0.85854,0.8589
1474412597,0.85855,0.85891
1474412598,0.85856,0.85893
1474412598,0.85856,0.85893
1474412598,0.85854,0.85891
1474412598,0.85854,0.8589
1474412598,0.85853,0.8589
1474412598,0.85854,0.8589
1474412617,0.85853,0.8589
1474412650,0.85854,0.8589
1474412655,0.85853,0.8589
1474412664,0.8585199999999999,0.85889
1474412664,0.85853,0.85889
1474412664,0.85853,0.8589
1474412681,0.85854,0.8589
1474412681,0.85855,0.8589
1474412681,0.85855,0.85892
1474412682,0.85856,0.85892
1474412700,0.85855,0.85892
1474412700,0.85854,0.85891
1474412701,0.85855,0.85892
1474412702,0.85854,0.85891
1474412703,0.85855,0.85892
1474412713,0.85856,0.85892
1474412714,0.85856,0.85893
1474412723,0.85855,0.85892
1474412723,0.85854,0.8589
1474412723,0.85853,0.8589
1474412730,0.85853,0.85889
1474412733,0.85853,0.8589
1474412735,0.85854,0.85891
1474412735,0.85855,0.85891
1474412739,0.85855,0.85892
1474412744,0.85856,0.85892
1474412768,0.85856,0.85891
1474412768,0.85856,0.85892
1474412769,0.8585700000000001,0.85893
1474412769,0.85858,0.85893
1474412769,0.85858,0.85894
1474412772,0.85858,0.85895
1474412780,0.8586,0.85897
1474412780,0.85859,0.8589599999999999
1474412780,0.85859,0.85895
1474412780,0.85859,0.85895
1474412781,0.8586,0.85897
1474412782,0.8586,0.8589599999999999
1474412782,0.8586,0.85897
1474412783,0.85859,0.8589599999999999
1474412795,0.85858,0.85894
1474412796,0.85859,0.85894
1474412796,0.85859,0.8589599999999999
1474412802,0.8586,0.85897
1474412802,0.85861,0.85898
1474412802,0.85862,0.85898
1474412803,0.85861,0.85898
1474412803,0.85862,0.85898
1474412803,0.85863,0.85898
1474412807,0.85861,0.85898
1474412807,0.85861,0.85897
1474412807,0.85861,0.85898
1474412808,0.8586,0.85897
1474412814,0.85861,0.85898
1474412815,0.85861,0.85897
1474412815,0.8586,0.85897
1474412815,0.85861,0.85897
1474412815,0.85862,0.85898
1474412815,0.85862,0.85899
1474412822,0.85863,0.85899
1474412827,0.85863,0.859
1474412836,0.85864,0.8590100000000001
1474412836,0.85867,0.85902
1474412836,0.8587,0.85907
1474412836,0.85869,0.85906
1474412837,0.8587,0.85907
1474412837,0.85869,0.85906
1474412837,0.85869,0.85905
1474412845,0.85869,0.85906
1474412845,0.85871,0.85908
1474412845,0.85873,0.8591
1474412852,0.85875,0.85911
1474412853,0.85876,0.8591299999999999
1474412858,0.85876,0.85912
1474412858,0.85875,0.85912
1474412858,0.8587399999999999,0.85911
1474412858,0.85873,0.8591
1474412859,0.85872,0.85908
1474412859,0.85872,0.85909
1474412860,0.85873,0.8591
1474412860,0.85873,0.85909
1474412860,0.85869,0.85906
1474412862,0.8587,0.85906
1474412863,0.85869,0.85906
1474412863,0.8587,0.85906
1474412863,0.85869,0.85906
1474412864,0.8587,0.85906
1474412864,0.85869,0.85906
1474412864,0.8587,0.85906
1474412864,0.85869,0.85906
1474412902,0.85869,0.85905
1474412914,0.85868,0.85905
1474412914,0.85869,0.85905
1474412914,0.85869,0.85906
1474412915,0.8587,0.85906
1474412920,0.8587,0.85907
1474412920,0.85871,0.85908
1474412920,0.85871,0.85907
1474412920,0.85872,0.85909
1474412921,0.85873,0.85909
1474412922,0.85872,0.85909
1474412923,0.85873,0.85909
1474412945,0.85872,0.85909
1474412950,0.85871,0.85908
1474412950,0.85871,0.85906
1474412958,0.85868,0.85903
1474412980,0.85867,0.85903
1474413009,0.85867,0.85902
1474413015,0.85867,0.85903
1474413016,0.85867,0.85902
1474413020,0.85866,0.85902
1474413020,0.85867,0.85902
1474413028,0.85867,0.85903
1474413030,0.85867,0.85902
1474413030,0.85866,0.859
1474413030,0.85865,0.85899
1474413030,0.85865,0.859
1474413031,0.85862,0.85899
1474413038,0.85863,0.85899
1474413040,0.85862,0.85899
1474413040,0.85864,0.85899
1474413047,0.85863,0.85899
1474413055,0.85864,0.85899
1474413060,0.85863,0.85899
1474413060,0.85864,0.85899
1474413068,0.85864,0.85897
1474413080,0.85863,0.85897
1474413080,0.85864,0.85897
1474413086,0.85861,0.85895
1474413086,0.85861,0.85897
1474413086,0.85861,0.8589599999999999
1474413087,0.85861,0.85897
1474413101,0.85861,0.85898
1474413112,0.85861,0.85897
1474413112,0.85861,0.85898
1474413113,0.85863,0.85899
1474413113,0.85864,0.85899
1474413114,0.85864,0.859
1474413120,0.85863,0.85899
1474413131,0.85863,0.859
1474413131,0.85863,0.85899
1474413132,0.85864,0.859
1474413132,0.85864,0.8590100000000001
1474413143,0.85863,0.859
1474413143,0.85863,0.85899
1474413144,0.85862,0.85899
1474413144,0.85863,0.85899
1474413144,0.85863,0.859
1474413146,0.85863,0.85899
1474413150,0.85863,0.859
1474413150,0.85864,0.8590100000000001
1474413150,0.85864,0.859
1474413153,0.85863,0.859
1474413157,0.85863,0.85899
1474413159,0.85864,0.85899
1474413159,0.85864,0.859
1474413160,0.85865,0.8590100000000001
1474413160,0.85865,0.859
1474413165,0.85865,0.8590100000000001
1474413166,0.85864,0.8590100000000001
1474413166,0.85864,0.8590100000000001
1474413166,0.85862,0.85899
1474413166,0.85863,0.859
1474413166,0.85863,0.859
1474413169,0.85863,0.85899
1474413169,0.85862,0.85899
1474413170,0.85862,0.85898
1474413170,0.85862,0.85897
1474413170,0.85861,0.85897
1474413170,0.85863,0.859
1474413171,0.85862,0.85897
1474413171,0.85862,0.85897
1474413171,0.85861,0.85897
1474413171,0.85859,0.85895
1474413171,0.85858,0.85895
1474413171,0.85859,0.8589599999999999
1474413171,0.85859,0.85895
1474413171,0.85859,0.8589599999999999
1474413172,0.8586,0.85897
1474413172,0.85861,0.85898
1474413172,0.85862,0.85898
1474413182,0.85862,0.85897
1474413182,0.85861,0.85897
1474413186,0.8586,0.85897
1474413194,0.85861,0.85897
1474413194,0.85863,0.85898
1474413194,0.85864,0.859
1474413194,0.85864,0.8590100000000001
1474413194,0.85864,0.859
1474413194,0.85863,0.85899
1474413194,0.85861,0.85898
1474413194,0.85861,0.85897
1474413194,0.8586,0.85897
1474413201,0.85861,0.85897
1474413201,0.85863,0.85899
1474413202,0.85864,0.85899
1474413202,0.85865,0.8590100000000001
1474413203,0.85864,0.8590100000000001
1474413206,0.85865,0.8590100000000001
1474413207,0.85864,0.8590100000000001
1474413208,0.85863,0.859
1474413208,0.85863,0.859
1474413208,0.85864,0.859
1474413209,0.85865,0.859
1474413209,0.85865,0.8590100000000001
1474413209,0.85865,0.85902
1474413210,0.85866,0.85902
1474413210,0.85867,0.85903
1474413214,0.85867,0.85904
1474413215,0.85867,0.85902
1474413215,0.85866,0.8590100000000001
1474413215,0.85866,0.85902
1474413216,0.85865,0.85902
1474413217,0.85864,0.859
1474413217,0.85865,0.8590100000000001
1474413217,0.85864,0.8590100000000001
1474413217,0.85863,0.859
1474413217,0.85864,0.859
1474413218,0.85864,0.8590100000000001
1474413218,0.85863,0.859
1474413218,0.85862,0.85899
1474413219,0.85863,0.85899
1474413221,0.85864,0.85899
1474413221,0.85864,0.859
1474413225,0.85865,0.8590100000000001
1474413225,0.85864,0.8590100000000001
1474413226,0.85865,0.8590100000000001
1474413226,0.85865,0.85902
1474413231,0.85866,0.85902
1474413233,0.85867,0.85903
1474413233,0.85868,0.85903
1474413233,0.85868,0.85904
1474413233,0.85867,0.85904
1474413239,0.85868,0.85905
1474413239,0.85868,0.85904
1474413239,0.85869,0.85905
1474413239,0.85868,0.85905
1474413239,0.85867,0.85904
1474413242,0.85867,0.85903
1474413242,0.85866,0.85903
1474413242,0.85866,0.85902
1474413246,0.85866,0.85903
1474413249,0.85868,0.85904
1474413258,0.8587,0.85906
1474413258,0.8587,0.85905
1474413258,0.85868,0.85904
1474413258,0.85867,0.85904
1474413259,0.85867,0.85903
1474413260,0.85866,0.85903
1474413261,0.85867,0.85904
1474413261,0.85868,0.85904
1474413261,0.85868,0.85904
1474413261,0.85868,0.85905
1474413262,0.85869,0.85905
1474413263,0.85868,0.85905
1474413263,0.85867,0.85904
1474413265,0.85868,0.85905
1474413265,0.8587,0.85906
1474413265,0.8587,0.85905
1474413266,0.85869,0.85905
1474413266,0.8587,0.85906
1474413267,0.8587,0.85906
1474413267,0.8587,0.85907
1474413277,0.8587,0.85906
1474413277,0.85869,0.85906
1474413281,0.85868,0.85905
1474413281,0.85869,0.85905
1474413286,0.85868,0.85905
1474413287,0.85867,0.85904
1474413303,0.85866,0.85903
1474413303,0.85866,0.85902
1474413310,0.85866,0.85903
1474413310,0.85866,0.85902
1474413310,0.85868,0.85903
1474413310,0.85868,0.85903
1474413310,0.8587399999999999,0.8591
1474413311,0.85877,0.85911
1474413311,0.85885,0.8592
1474413311,0.85889,0.85925
1474413311,0.85889,0.85926
1474413313,0.85887,0.85919
1474413313,0.85887,0.85923
1474413313,0.85887,0.85923
1474413320,0.85887,0.85922
1474413322,0.85888,0.85924
1474413322,0.85889,0.85924
1474413322,0.85888,0.85924
1474413324,0.85887,0.85923
1474413324,0.85888,0.85924
1474413328,0.8588,0.85917
1474413329,0.8588,0.85915
1474413332,0.85881,0.85915
1474413332,0.85877,0.85914
1474413332,0.8587900000000001,0.85915
1474413332,0.85876,0.8591299999999999
1474413332,0.85876,0.85912
1474413332,0.85877,0.85911
1474413332,0.85877,0.85911
1474413332,0.85877,0.85912
1474413333,0.85876,0.85912
1474413333,0.8587900000000001,0.85912
1474413333,0.8587900000000001,0.85914
1474413334,0.85876,0.8591299999999999
1474413334,0.85876,0.85912
1474413334,0.85876,0.85911
1474413334,0.85875,0.8591
1474413335,0.8587399999999999,0.8591
1474413336,0.85875,0.8591
1474413336,0.85875,0.85911
1474413337,0.85875,0.8591
1474413337,0.85873,0.8591
1474413338,0.85875,0.85911
1474413339,0.85875,0.8591
1474413339,0.8587399999999999,0.85908
1474413339,0.85871,0.85908
1474413339,0.85871,0.85907
1474413340,0.85871,0.85906
1474413340,0.8587,0.85907
1474413340,0.85869,0.85905
1474413348,0.85869,0.85904
1474413355,0.8587,0.85905
1474413355,0.85871,0.85908
1474413355,0.85872,0.85908
1474413355,0.85876,0.8591299999999999
1474413355,0.85876,0.85912
1474413356,0.8587399999999999,0.8591
1474413356,0.8587399999999999,0.85911
1474413356,0.8587399999999999,0.85909
1474413367,0.85875,0.85909
1474413367,0.85876,0.85909
1474413367,0.85876,0.8591
1474413367,0.85875,0.85909
1474413367,0.8587399999999999,0.85909
1474413380,0.85872,0.85907
1474413380,0.85872,0.85908
1474413380,0.85873,0.85908
1474413384,0.8587,0.85904
1474413384,0.85867,0.8590100000000001
1474413384,0.85868,0.85903
1474413384,0.85867,0.859
1474413384,0.85866,0.859
1474413385,0.85865,0.859
1474413385,0.85864,0.859
1474413385,0.85864,0.85899
1474413385,0.85863,0.85898
1474413387,0.85864,0.85898
1474413387,0.85863,0.85898
1474413387,0.85863,0.85897
1474413387,0.85863,0.85898
1474413387,0.85864,0.85899
1474413388,0.85866,0.85899
1474413388,0.85866,0.859
1474413388,0.85865,0.859
1474413388,0.85865,0.8590100000000001
1474413388,0.85865,0.859
1474413388,0.85865,0.859
1474413388,0.85864,0.85899
1474413389,0.85864,0.85898
1474413389,0.85864,0.85897
1474413389,0.85863,0.85897
1474413389,0.85864,0.85897
1474413392,0.85862,0.85897
1474413396,0.85863,0.85897
1474413397,0.85864,0.85898
1474413397,0.85864,0.85899
1474413397,0.85863,0.85899
1474413397,0.85863,0.85898
1474413399,0.85863,0.85897
1474413402,0.85864,0.85897
1474413402,0.85865,0.85899
1474413403,0.85866,0.85899
1474413403,0.85865,0.85899
1474413405,0.85864,0.85899
1474413405,0.85865,0.85899
1474413406,0.85864,0.85899
1474413407,0.85865,0.85899
1474413407,0.85865,0.85898
1474413407,0.85864,0.85898
1474413409,0.85863,0.85898
1474413409,0.85862,0.85898
1474413415,0.85861,0.8589599999999999
1474413418,0.85861,0.85895
1474413418,0.85861,0.85898
1474413418,0.85862,0.8589599999999999
1474413419,0.85863,0.85897
1474413420,0.85863,0.8589599999999999
1474413420,0.85863,0.85897
1474413422,0.85863,0.85898
1474413425,0.85863,0.85897
1474413426,0.85863,0.85898
1474413426,0.85863,0.8589599999999999
1474413427,0.85864,0.8589599999999999
1474413427,0.85864,0.85897
1474413427,0.85863,0.85897
1474413427,0.85865,0.85898
1474413427,0.85865,0.85898
1474413428,0.85863,0.85897
1474413428,0.85866,0.85898
1474413428,0.85864,0.859
1474413429,0.85864,0.8590100000000001
1474413429,0.85864,0.859
1474413429,0.85864,0.8590100000000001
1474413429,0.85866,0.8590100000000001
1474413429,0.85866,0.85902
1474413429,0.85865,0.8590100000000001
1474413430,0.85865,0.859
1474413430,0.85864,0.859
1474413430,0.85863,0.859
1474413430,0.85862,0.85898
1474413431,0.85864,0.85899
1474413432,0.85862,0.85898
1474413432,0.85864,0.85899
1474413433,0.85866,0.8590100000000001
1474413433,0.85866,0.85902
1474413433,0.85865,0.8590100000000001
1474413433,0.85866,0.8590100000000001
1474413434,0.85865,0.85899
1474413434,0.85864,0.85898
1474413434,0.85863,0.85899
1474413436,0.85863,0.85898
1474413438,0.85862,0.85898
1474413440,0.85862,0.85897
1474413450,0.85863,0.85899
1474413450,0.85864,0.85899
1474413451,0.85864,0.85898
1474413451,0.85864,0.85899
1474413455,0.85864,0.85898
1474413458,0.85863,0.85898
1474413462,0.85862,0.85898
1474413463,0.85863,0.85898
1474413465,0.85862,0.85898
1474413467,0.85861,0.85897
1474413467,0.85861,0.85897
1474413467,0.85861,0.8589599999999999
1474413467,0.85861,0.85897
1474413467,0.85861,0.8589599999999999
1474413468,0.85861,0.85895
1474413470,0.85861,0.8589599999999999
1474413470,0.85861,0.85897
1474413471,0.85861,0.85898
1474413471,0.85862,0.85898
1474413477,0.85861,0.85898
1474413484,0.85861,0.85897
1474413484,0.85861,0.8589599999999999
1474413486,0.85862,0.85897
1474413486,0.85863,0.85897
1474413487,0.85865,0.85898
1474413487,0.85864,0.85898
1474413495,0.85865,0.85898
1474413495,0.85864,0.85898
1474413495,0.85862,0.85897
1474413496,0.85861,0.85897
1474413496,0.85861,0.85898
1474413496,0.85861,0.85897
1474413496,0.85862,0.85898
1474413496,0.85863,0.85898
1474413496,0.85864,0.85898
1474413496,0.85863,0.85898
1474413497,0.85864,0.85898
1474413498,0.85864,0.85897
1474413498,0.85863,0.85897
1474413498,0.85862,0.85897
1474413499,0.85861,0.8589599999999999
1474413499,0.85861,0.8589599999999999
1474413499,0.8586,0.8589599999999999
1474413499,0.85861,0.85894
1474413499,0.85862,0.85895
1474413499,0.85863,0.8589599999999999
1474413499,0.85862,0.8589599999999999
1474413500,0.85863,0.8589599999999999
1474413500,0.85862,0.8589599999999999
1474413501,0.85861,0.8589599999999999
1474413502,0.85862,0.8589599999999999
1474413505,0.85859,0.85895
1474413505,0.8586,0.85894
1474413506,0.8586,0.85895
1474413506,0.8586,0.85895
1474413508,0.85861,0.85897
1474413508,0.8586,0.85897
1474413508,0.85861,0.85897
1474413508,0.85861,0.85898
1474413509,0.85862,0.85898
1474413518,0.85863,0.85897
1474413521,0.85861,0.85897
1474413522,0.8586,0.85897
1474413522,0.85861,0.85897
1474413522,0.8586,0.8589599999999999
1474413522,0.85861,0.8589599999999999
1474413522,0.85861,0.85895
1474413526,0.8586,0.85895
1474413527,0.8586,0.85894
1474413531,0.8586,0.85891
1474413531,0.85859,0.85891
1474413531,0.85859,0.85893
1474413533,0.85858,0.85893
1474413533,0.85859,0.85891
1474413534,0.8585700000000001,0.85891
1474413535,0.85858,0.85891
1474413535,0.85858,0.85892
1474413537,0.85859,0.85892
1474413537,0.8586,0.85893
1474413537,0.85861,0.85893
1474413539,0.85861,0.85895
1474413539,0.85862,0.85895
1474413539,0.85862,0.8589599999999999
1474413542,0.85861,0.8589599999999999
1474413542,0.8586,0.8589599999999999
1474413542,0.8586,0.85895
1474413542,0.85859,0.85895
1474413543,0.85859,0.85894
1474413548,0.85858,0.85894
1474413549,0.85856,0.8589
1474413549,0.85859,0.85894
1474413549,0.85858,0.85894
1474413550,0.85859,0.85894
1474413551,0.85858,0.85895
1474413552,0.85859,0.85895
1474413552,0.8586,0.85895
1474413552,0.8586,0.8589599999999999
1474413552,0.8586,0.85895
1474413552,0.85859,0.85895
1474413552,0.8586,0.8589599999999999
1474413553,0.85859,0.85895
1474413553,0.85858,0.85895
1474413554,0.8585700000000001,0.85894
1474413558,0.85856,0.85893
1474413558,0.85856,0.85893
1474413560,0.8585700000000001,0.85894
1474413560,0.8585700000000001,0.85893
1474413560,0.85856,0.85893
1474413574,0.8585700000000001,0.85894
1474413574,0.85858,0.85894
1474413576,0.8585700000000001,0.85894
1474413583,0.85859,0.85895
1474413583,0.85859,0.85895
1474413585,0.8585700000000001,0.85894
1474413587,0.85858,0.85894
1474413587,0.85858,0.85895
1474413590,0.8585700000000001,0.85894
1474413591,0.85856,0.85893
1474413591,0.8585700000000001,0.85893
1474413591,0.8585700000000001,0.85894
1474413591,0.85858,0.85894
1474413593,0.85859,0.85895
1474413593,0.8586,0.8589599999999999
1474413594,0.8586,0.85895
1474413594,0.85859,0.85895
1474413596,0.8586,0.85895
1474413597,0.85859,0.85895
1474413598,0.85858,0.85895
1474413600,0.8585700000000001,0.85893
1474413601,0.85858,0.85895
1474413601,0.85859,0.85895
1474413601,0.8586,0.8589599999999999
1474413602,0.8586,0.85897
1474413602,0.8586,0.8589599999999999
1474413604,0.85859,0.8589599999999999
1474413604,0.85859,0.85895
1474413604,0.8586,0.85895
1474413604,0.85859,0.85895
1474413606,0.8586,0.85895
1474413609,0.85859,0.85895
1474413610,0.85858,0.85894
1474413610,0.85858,0.85895
1474413612,0.85859,0.85895
1474413623,0.85858,0.85895
1474413623,0.85859,0.85895
1474413623,0.85858,0.85894
1474413626,0.85859,0.85895
1474413632,0.85858,0.85895
1474413635,0.85858,0.85894
1474413635,0.8585700000000001,0.85893
1474413641,0.85858,0.85895
1474413641,0.85859,0.85895
1474413641,0.85858,0.85895
1474413642,0.85859,0.85895
1474413643,0.8586,0.85895
1474413643,0.8586,0.8589599999999999
1474413644,0.85859,0.85895
1474413649,0.85859,0.8589599999999999
1474413650,0.85859,0.85894
1474413650,0.85858,0.85894
1474413650,0.85858,0.85893
1474413651,0.8585700000000001,0.85893
1474413652,0.85856,0.85892
1474413660,0.85855,0.85892
1474413660,0.85854,0.85891
1474413661,0.85855,0.85892
1474413665,0.8585700000000001,0.85893
1474413665,0.85858,0.85894
1474413665,0.85858,0.85893
1474413667,0.8585700000000001,0.85893
1474413676,0.85856,0.85892
1474413677,0.8585700000000001,0.85892
1474413677,0.85858,0.85893
1474413685,0.8585700000000001,0.85893
1474413685,0.8585700000000001,0.85892
1474413685,0.85856,0.85892
1474413685,0.85856,0.85891
1474413686,0.85856,0.85892
1474413686,0.8585700000000001,0.85892
1474413700,0.85854,0.85891
1474413701,0.85855,0.85891
1474413701,0.85854,0.85891
1474413702,0.85856,0.85891
1474413702,0.85855,0.85891
1474413703,0.85854,0.8589
1474413708,0.85854,0.85891
1474413708,0.85854,0.8589
1474413708,0.85854,0.85891
1474413708,0.85854,0.85889
1474413717,0.85855,0.85889
1474413720,0.85855,0.85891
1474413720,0.85855,0.8589
1474413725,0.8585199999999999,0.85889
1474413726,0.85853,0.85889
1474413726,0.85854,0.8589
1474413726,0.85854,0.85889
1474413727,0.8585199999999999,0.85889
1474413727,0.85853,0.85889
1474413729,0.85855,0.85891
1474413729,0.85855,0.85891
1474413729,0.85858,0.85893
1474413729,0.85858,0.85894
1474413729,0.85858,0.85893
1474413730,0.85858,0.85894
1474413735,0.85858,0.85893
1474413735,0.85856,0.85892
1474413736,0.85856,0.85891
1474413736,0.85856,0.85892
1474413736,0.85856,0.85891
1474413736,0.85855,0.85891
1474413740,0.85856,0.85891
1474413740,0.85858,0.85893
1474413740,0.85861,0.85897
1474413740,0.85863,0.85897
1474413740,0.85863,0.85897
1474413741,0.85862,0.85898
1474413741,0.85862,0.85897
1474413741,0.85862,0.85898
1474413745,0.85861,0.85897
1474413745,0.85861,0.85897
1474413745,0.85861,0.8589599999999999
1474413745,0.8586,0.8589599999999999
1474413745,0.8586,0.85897
1474413746,0.85859,0.8589599999999999
1474413746,0.85859,0.8589599999999999
1474413746,0.8586,0.8589599999999999
1474413746,0.85859,0.8589599999999999
1474413747,0.8586,0.8589599999999999
1474413747,0.85859,0.85895
1474413749,0.85861,0.8589599999999999
1474413749,0.85862,0.85898
1474413749,0.85863,0.85898
1474413749,0.85863,0.85899
1474413751,0.85862,0.85898
1474413751,0.85862,0.85897
1474413751,0.85861,0.85897
1474413751,0.8586,0.85897
1474413751,0.85861,0.85897
1474413751,0.8586,0.85897
1474413753,0.85859,0.8589599999999999
1474413753,0.85859,0.85895
1474413753,0.8586,0.8589599999999999
1474413753,0.8586,0.85895
1474413753,0.85859,0.85895
1474413753,0.85859,0.8589599999999999
1474413755,0.8586,0.8589599999999999
1474413756,0.8586,0.85897
1474413756,0.8586,0.8589599999999999
1474413757,0.8586,0.85897
1474413758,0.85861,0.85897
1474413761,0.85862,0.85898
1474413764,0.85861,0.8589599999999999
1474413766,0.85862,0.85897
1474413767,0.85862,0.85898
1474413767,0.85862,0.85897
1474413767,0.8586,0.85897
1474413768,0.85859,0.8589599999999999
1474413768,0.85859,0.85895
1474413768,0.8586,0.8589599999999999
1474413770,0.8586,0.85897
1474413770,0.85862,0.85897
1474413777,0.85863,0.85898
1474413777,0.85865,0.85899
1474413777,0.85866,0.85902
1474413777,0.85866,0.85902
1474413777,0.85865,0.85902
1474413778,0.85865,0.8590100000000001
1474413779,0.85864,0.8590100000000001
1474413780,0.85864,0.859
1474413780,0.85863,0.859
1474413790,0.85864,0.859
1474413799,0.85864,0.8590100000000001
1474413799,0.85867,0.85902
1474413799,0.85869,0.85902
1474413799,0.85869,0.85902
1474413800,0.8587,0.85905
1474413805,0.8587,0.85906
1474413806,0.8587,0.85905
1474413806,0.85868,0.85905
1474413806,0.85868,0.85904
1474413806,0.85869,0.85904
1474413807,0.85868,0.85904
1474413807,0.85867,0.85903
1474413807,0.85865,0.8590100000000001
1474413807,0.85864,0.8590100000000001
1474413812,0.85865,0.8590100000000001
1474413820,0.85865,0.85902
1474413827,0.85864,0.859
1474413827,0.85864,0.859
1474413827,0.85859,0.8589599999999999
1474413827,0.8586,0.8589599999999999
1474413828,0.8586,0.85895
1474413828,0.85861,0.85897
1474413828,0.85862,0.85898
1474413828,0.85862,0.85898
1474413828,0.85862,0.85897
1474413832,0.85861,0.85897
1474413844,0.85859,0.8589599999999999
1474413844,0.85859,0.85895
1474413844,0.85858,0.85894
1474413850,0.8585700000000001,0.85893
1474413864,0.85858,0.85893
1474413864,0.85858,0.85894
1474413867,0.8585700000000001,0.85893
1474413870,0.85858,0.85893
1474413870,0.85858,0.85894
1474413871,0.85858,0.85893
1474413871,0.85855,0.85891
1474413871,0.85853,0.8589
1474413872,0.85853,0.85889
1474413872,0.8585,0.85886
1474413936,0.8585,0.85885
1474413937,0.85849,0.85885
1474413939,0.85849,0.85886
1474413943,0.8585,0.85886
1474413949,0.85849,0.85885
1474413953,0.8585,0.85885
1474413953,0.8585,0.85886
1474413957,0.85849,0.85885
1474413983,0.85846,0.85883
1474413983,0.85846,0.85882
1474413984,0.85847,0.85883
1474413984,0.85848,0.85883
1474413984,0.85848,0.85884
1474413987,0.85847,0.85883
1474413987,0.85846,0.85882
1474413992,0.85846,0.85881
1474413992,0.85844,0.85881
1474413993,0.85844,0.8588
1474413993,0.85845,0.85881
1474413996,0.85844,0.8588
1474413999,0.85844,0.8587900000000001
1474413999,0.85843,0.85878
1474413999,0.85842,0.8587900000000001
1474414000,0.85843,0.8587900000000001
1474414002,0.85842,0.85878
1474414002,0.85842,0.8587900000000001
1474414002,0.85842,0.85878
1474414002,0.85841,0.85877
1474414002,0.8584000000000001,0.85875
1474414002,0.85839,0.8587399999999999
1474414003,0.8584000000000001,0.85875
1474414003,0.8584000000000001,0.85877
1474414003,0.85841,0.85877
1474414013,0.85841,0.85878
1474414014,0.85841,0.85876
1474414015,0.85839,0.85875
1474414015,0.85839,0.85875
1474414022,0.85838,0.85875
1474414022,0.85838,0.8587399999999999
1474414022,0.85838,0.85873
1474414036,0.85837,0.85872
1474414036,0.85837,0.85872
1474414036,0.85837,0.85872
1474414037,0.8583499999999999,0.85872
1474414037,0.85834,0.85871
1474414038,0.8583499999999999,0.85871
1474414038,0.8583499999999999,0.85872
1474414038,0.85837,0.85872
1474414038,0.85837,0.85873
1474414038,0.85838,0.85873
1474414045,0.85837,0.85873
1474414046,0.85836,0.85872
1474414046,0.85836,0.85873
1474414046,0.85837,0.85873
1474414047,0.85836,0.85872
1474414047,0.85837,0.85872
1474414059,0.85838,0.85873
1474414060,0.85838,0.8587399999999999
1474414060,0.85838,0.85873
1474414066,0.85837,0.85873
1474414068,0.85837,0.85872
1474414068,0.85836,0.85872
1474414068,0.85836,0.85871
1474414068,0.85834,0.8587
1474414068,0.85833,0.8587
1474414069,0.85834,0.8587
1474414074,0.85834,0.85869
1474414075,0.85834,0.8587
1474414075,0.8583499999999999,0.8587
1474414076,0.8583499999999999,0.85871
1474414076,0.85836,0.85873
1474414076,0.85837,0.85873
1474414076,0.85836,0.85872
1474414077,0.85834,0.85871
1474414077,0.85836,0.85871
1474414077,0.85836,0.85872
1474414077,0.85837,0.85872
1474414084,0.85838,0.85873
1474414085,0.85837,0.85873
1474414086,0.85837,0.8587399999999999
1474414087,0.85837,0.85873
1474414088,0.85837,0.8587399999999999
1474414088,0.85837,0.85873
1474414088,0.85837,0.8587399999999999
1474414089,0.85837,0.85873
1474414090,0.85838,0.85873
1474414090,0.85837,0.85873
1474414091,0.85837,0.8587399999999999
1474414091,0.85837,0.85873
1474414091,0.85836,0.85873
1474414092,0.85836,0.85872
1474414092,0.8583499999999999,0.85872
1474414093,0.85836,0.85873
1474414093,0.85836,0.85873
1474414093,0.85837,0.8587399999999999
1474414093,0.85838,0.8587399999999999
1474414094,0.85838,0.85875
1474414095,0.85839,0.85876
1474414104,0.85838,0.85875
1474414104,0.85838,0.8587399999999999
1474414104,0.85836,0.85873
1474414104,0.85834,0.85871
1474414104,0.8583499999999999,0.85871
1474414106,0.85834,0.85871
1474414106,0.8583499999999999,0.85871
1474414106,0.8583499999999999,0.85872
1474414109,0.85834,0.85871
1474414109,0.85834,0.85871
1474414115,0.8583499999999999,0.85872
1474414128,0.85836,0.85873
1474414128,0.85836,0.85872
1474414128,0.8583499999999999,0.85872
1474414140,0.85834,0.85871
1474414140,0.85834,0.8587
1474414140,0.85834,0.85871
1474414140,0.85834,0.8587
1474414147,0.85834,0.85871
1474414147,0.85836,0.85871
1474414147,0.85836,0.85873
1474414147,0.8583499999999999,0.85872
1474414147,0.8583499999999999,0.85872
1474414153,0.85836,0.85873
1474414153,0.85837,0.8587399999999999
1474414154,0.85838,0.8587399999999999
1474414155,0.85838,0.85875
1474414160,0.85839,0.85876
1474414160,0.8584000000000001,0.85876
1474414161,0.85841,0.85877
1474414161,0.8584000000000001,0.85877
1474414165,0.85841,0.85877
1474414165,0.85842,0.8587900000000001
1474414166,0.85842,0.85878
1474414166,0.85843,0.8587900000000001
1474414171,0.85842,0.8587900000000001
1474414179,0.85843,0.8587900000000001
1474414179,0.85843,0.8588
1474414181,0.85842,0.8587900000000001
1474414196,0.85843,0.8588
1474414210,0.85844,0.85881
1474414222,0.85844,0.8588
1474414224,0.85844,0.85881
1474414240,0.85845,0.85882
1474414240,0.85844,0.85881
1474414241,0.85845,0.85882
1474414242,0.85845,0.85881
1474414242,0.85844,0.85881
1474414253,0.85843,0.8588
1474414253,0.85844,0.85881
1474414263,0.85844,0.8588
1474414268,0.85843,0.8588
1474414274,0.85843,0.8587900000000001
1474414282,0.85843,0.8587900000000001
1474414282,0.85843,0.85878
1474414299,0.85843,0.8587900000000001
1474414300,0.85843,0.8588
1474414301,0.85844,0.8588
1474414302,0.85845,0.85881
1474414302,0.85845,0.85881
1474414308,0.85844,0.8588
1474414308,0.85845,0.8588
1474414308,0.85845,0.85881
1474414309,0.85844,0.8588
1474414324,0.85845,0.8588
1474414325,0.85846,0.85882
1474414325,0.8585,0.85885
1474414325,0.85851,0.85885
1474414325,0.85853,0.8589
1474414326,0.8585199999999999,0.85889
1474414326,0.8585199999999999,0.85889
1474414326,0.8585199999999999,0.85888
1474414328,0.85851,0.85888
1474414330,0.8585199999999999,0.85888
1474414330,0.85851,0.85888
1474414332,0.85855,0.85889
1474414332,0.85855,0.85889
1474414332,0.85855,0.8589
1474414332,0.85855,0.85892
1474414332,0.85856,0.85892
1474414332,0.8585700000000001,0.85893
1474414376,0.85858,0.85894
1474414377,0.8585700000000001,0.85893
1474414378,0.85858,0.85894
1474414381,0.85858,0.85892
1474414382,0.85858,0.85891
1474414382,0.85858,0.8589
1474414383,0.8585700000000001,0.8589
1474414385,0.85856,0.8589
1474414385,0.85855,0.85889
1474414385,0.85858,0.8589
1474414386,0.85858,0.85891
1474414398,0.85858,0.8589
1474414399,0.85858,0.85889
1474414399,0.85855,0.85888
1474414399,0.85854,0.85888
1474414399,0.85855,0.85889
1474414406,0.85854,0.85887
1474414407,0.85854,0.85886
1474414408,0.85856,0.85888
1474414408,0.85858,0.85892
1474414409,0.85859,0.85893
1474414409,0.85859,0.85893
1474414409,0.85859,0.85892
1474414415,0.8586,0.85891
1474414415,0.85861,0.85895
1474414416,0.85862,0.85897
1474414416,0.85862,0.85898
1474414416,0.85864,0.85898
1474414416,0.85864,0.85899
1474414416,0.85863,0.85899
1474414417,0.85864,0.85897
1474414418,0.85864,0.85898
1474414421,0.85864,0.85899
1474414421,0.85863,0.85899
1474414422,0.85863,0.85898
1474414422,0.85863,0.8589599999999999
1474414422,0.85863,0.85895
1474414422,0.85863,0.85897
1474414433,0.85862,0.85897
1474414433,0.85862,0.8589599999999999
1474414434,0.85861,0.8589599999999999
1474414434,0.85861,0.85895
1474414434,0.85861,0.85894
1474414442,0.85861,0.85895
1474414442,0.85862,0.8589599999999999
1474414442,0.85863,0.8589599999999999
1474414443,0.85863,0.85898
1474414444,0.85864,0.85898
1474414449,0.85863,0.85898
1474414449,0.85862,0.8589599999999999
1474414449,0.85859,0.85894
1474414452,0.85859,0.85893
1474414452,0.85858,0.85893
1474414452,0.8585700000000001,0.85891
1474414452,0.8585700000000001,0.85891
1474414452,0.85858,0.85891
1474414452,0.85858,0.85892
1474414453,0.8585700000000001,0.8589
1474414453,0.8585700000000001,0.8589
1474414454,0.8585700000000001,0.85892
1474414454,0.8585700000000001,0.85891
1474414455,0.8585700000000001,0.8589
1474414456,0.8585700000000001,0.85891
1474414456,0.8585700000000001,0.85892
1474414458,0.8585700000000001,0.85891
1474414460,0.85858,0.85891
1474414465,0.8585700000000001,0.85891
1474414465,0.8585700000000001,0.8589
1474414471,0.85856,0.8589
1474414471,0.8585700000000001,0.8589
1474414471,0.85856,0.8589
1474414472,0.85855,0.85892
1474414473,0.85856,0.85891
1474414474,0.85855,0.85891
1474414474,0.85855,0.8589
1474414474,0.85855,0.85889
1474414474,0.85855,0.8589
1474414479,0.85854,0.85889
1474414479,0.85855,0.85889
1474414481,0.85856,0.85889
1474414481,0.85856,0.8589
1474414488,0.85856,0.8589
1474414489,0.85855,0.85889
1474414489,0.85856,0.85889
1474414490,0.85856,0.8589
1474414490,0.85855,0.8589
1474414490,0.85856,0.8589
1474414490,0.85856,0.85891
1474414490,0.85856,0.85892
1474414490,0.8585700000000001,0.85893
1474414490,0.85856,0.85893
1474414490,0.8585700000000001,0.85893
1474414491,0.8585700000000001,0.85891
1474414491,0.8585700000000001,0.85892
1474414493,0.85858,0.85892
1474414493,0.8585700000000001,0.85893
1474414494,0.85858,0.85893
1474414494,0.85858,0.85892
1474414495,0.85858,0.85893
1474414496,0.85858,0.85892
1474414498,0.85858,0.85893
1474414498,0.85858,0.85892
1474414499,0.85859,0.85892
1474414499,0.85859,0.85893
1474414499,0.85859,0.85891
1474414504,0.85858,0.85891
1474414507,0.85858,0.85892
1474414507,0.85858,0.85891
1474414509,0.8585700000000001,0.85891
1474414517,0.85856,0.85889
1474414517,0.85856,0.85891
1474414517,0.85856,0.8589
1474414526,0.85856,0.85891
1474414527,0.8585700000000001,0.85891
1474414527,0.8585700000000001,0.85892
1474414527,0.8585700000000001,0.85891
1474414528,0.85856,0.85891
1474414529,0.8585700000000001,0.85891
1474414533,0.85856,0.85891
1474414534,0.8585700000000001,0.85891
1474414535,0.85859,0.85892
1474414536,0.85859,0.85893
1474414541,0.85859,0.85892
1474414541,0.85859,0.85893
1474414545,0.85858,0.85893
1474414545,0.85858,0.85891
1474414545,0.85859,0.85891
1474414546,0.85858,0.85891
1474414546,0.8585700000000001,0.85891
1474414546,0.8585700000000001,0.8589
1474414546,0.85856,0.8589
1474414546,0.85855,0.85888
1474414546,0.85856,0.85888
1474414547,0.85856,0.8589
1474414553,0.85856,0.85892
1474414555,0.8585700000000001,0.85893
1474414555,0.85858,0.85893
1474414555,0.85858,0.85895
1474414561,0.8586,0.85897
1474414561,0.8586,0.8589599999999999
1474414564,0.85861,0.85897
1474414577,0.8586,0.8589599999999999
1474414589,0.85861,0.8589599999999999
1474414592,0.8586,0.8589599999999999
1474414592,0.85859,0.8589599999999999
1474414592,0.85859,0.85895
1474414592,0.85859,0.85895
1474414603,0.85859,0.8589599999999999
1474414605,0.85859,0.85895
1474414605,0.85859,0.85894
1474414605,0.85858,0.85894
1474414611,0.85859,0.85894
1474414611,0.85859,0.85895
1474414613,0.85859,0.8589599999999999
1474414614,0.85859,0.85895
1474414627,0.85859,0.8589599999999999
1474414632,0.85859,0.85895
1474414649,0.85859,0.8589599999999999
1474414650,0.8586,0.85897
1474414654,0.85859,0.8589599999999999
1474414676,0.8586,0.8589599999999999
1474414676,0.8586,0.85897
1474414677,0.85859,0.8589599999999999
1474414686,0.8586,0.85897
1474414700,0.85859,0.8589599999999999
1474414700,0.85859,0.8589599999999999
1474414702,0.85859,0.85895
1474414708,0.85858,0.85894
1474414709,0.85859,0.8589599999999999
1474414709,0.85859,0.8589599999999999
1474414709,0.85859,0.85895
1474414711,0.8586,0.85895
1474414711,0.8586,0.85897
1474414711,0.8586,0.8589599999999999
1474414711,0.8586,0.85897
1474414712,0.85859,0.8589599999999999
1474414712,0.8586,0.8589599999999999
1474414724,0.85859,0.8589599999999999
1474414724,0.8586,0.85897
1474414736,0.85859,0.8589599999999999
1474414736,0.8586,0.85897
1474414749,0.85861,0.85898
1474414749,0.85861,0.85898
1474414749,0.85861,0.85897
1474414752,0.85861,0.85898
1474414752,0.8586,0.85897
1474414753,0.85861,0.85898
1474414758,0.85861,0.85897
1474414759,0.8586,0.85897
1474414770,0.85859,0.8589599999999999
1474414772,0.85859,0.85895
1474414773,0.85858,0.85894
1474414774,0.8585700000000001,0.85893
1474414789,0.85858,0.85894
1474414789,0.85859,0.85894
1474414790,0.85859,0.85895
1474414793,0.85858,0.85894
1474414794,0.85859,0.85895
1474414795,0.8586,0.85895
1474414795,0.85859,0.8589599999999999
1474414795,0.8586,0.8589599999999999
1474414796,0.85861,0.8589599999999999
1474414797,0.85862,0.85897
1474414797,0.85861,0.85897
1474414800,0.85862,0.85898
1474414800,0.85861,0.85897
1474414801,0.85861,0.8589599999999999
1474414802,0.8586,0.8589599999999999
1474414821,0.85859,0.85895
1474414833,0.8586,0.8589599999999999
1474414864,0.85861,0.8589599999999999
1474414864,0.8586,0.8589599999999999
1474414869,0.85859,0.85895
1474414869,0.85859,0.8589599999999999
1474414869,0.85859,0.85895
1474414878,0.85861,0.85895
1474414878,0.85862,0.85897
1474414878,0.85861,0.85897
1474414878,0.85862,0.85898
1474414878,0.85862,0.85897
1474414878,0.85861,0.85897
1474414879,0.8586,0.8589599999999999
1474414883,0.85862,0.85898
1474414883,0.85863,0.85898
1474414883,0.85863,0.85897
1474414883,0.85861,0.85897
1474414889,0.8586,0.8589599999999999
1474414903,0.85859,0.85895
1474414903,0.85859,0.8589599999999999
1474414904,0.85858,0.85895
1474414905,0.8586,0.8589599999999999
1474414906,0.85858,0.85895
1474414918,0.85859,0.85895
1474414927,0.85858,0.85895
1474414961,0.85859,0.8589599999999999
1474414962,0.85858,0.85895
1474414965,0.85858,0.85894
1474414970,0.85858,0.85895
1474414989,0.85859,0.85895
1474414995,0.85858,0.85895
1474414995,0.85859,0.85895
1474415001,0.85858,0.85894
1474415016,0.85859,0.85895
1474415016,0.85858,0.85894
1474415048,0.85858,0.85895
1474415048,0.85859,0.85895
1474415049,0.85859,0.8589599999999999
1474415057,0.85859,0.85894
1474415058,0.85859,0.85893
1474415066,0.85859,0.85894
1474415069,0.85859,0.85893
1474415073,0.85859,0.85894
1474415074,0.85858,0.85892
1474415075,0.85855,0.85889
1474415075,0.85855,0.8589
1474415075,0.85855,0.85889
1474415075,0.85854,0.85889
1474415077,0.85855,0.85889
1474415077,0.85855,0.8589
1474415078,0.85854,0.8589
1474415078,0.85855,0.8589
1474415078,0.85854,0.8589
1474415078,0.85854,0.85889
1474415078,0.85853,0.85889
1474415094,0.85854,0.85889
1474415094,0.85853,0.85889
1474415098,0.85854,0.85889
1474415101,0.85855,0.85889
1474415101,0.85854,0.85889
1474415101,0.85854,0.85888
1474415101,0.85855,0.85888
1474415101,0.85855,0.85889
1474415104,0.85856,0.85889
1474415104,0.85856,0.8589
1474415105,0.8585700000000001,0.8589
1474415106,0.85856,0.8589
1474415106,0.8585700000000001,0.8589
1474415106,0.85856,0.8589
1474415106,0.8585700000000001,0.8589
1474415109,0.85856,0.8589
1474415112,0.85855,0.8589
1474415113,0.85855,0.85889
1474415117,0.85856,0.85889
1474415118,0.85856,0.8589
1474415118,0.85856,0.85889
1474415118,0.85855,0.8589
1474415121,0.85856,0.8589
1474415122,0.85855,0.8589
1474415124,0.85855,0.85888
1474415124,0.85856,0.85888
1474415125,0.85855,0.85888
1474415127,0.85856,0.85888
1474415128,0.85856,0.85889
1474415132,0.85855,0.85889
1474415133,0.85855,0.85888
1474415141,0.85855,0.85889
1474415141,0.85856,0.85889
1474415142,0.85855,0.85889
1474415150,0.85858,0.8589
1474415150,0.85858,0.85892
1474415150,0.8585700000000001,0.85893
1474415150,0.85858,0.85894
1474415150,0.85859,0.85893
1474415150,0.85858,0.85893
1474415151,0.85858,0.85894
1474415153,0.85859,0.85894
1474415153,0.85858,0.85893
1474415154,0.85858,0.85894
1474415154,0.8585700000000001,0.85894
1474415157,0.85858,0.85894
1474415158,0.85858,0.85893
1474415159,0.8586,0.85894
1474415159,0.85861,0.85895
1474415161,0.85862,0.85895
1474415161,0.85862,0.8589599999999999
1474415161,0.85862,0.85895
1474415162,0.85861,0.85895
1474415166,0.85861,0.8589599999999999
1474415166,0.85861,0.85895
1474415168,0.85862,0.85895
1474415168,0.85861,0.85895
1474415168,0.85861,0.8589599999999999
1474415168,0.85862,0.8589599999999999
1474415173,0.85863,0.85897
1474415173,0.85863,0.85897
1474415173,0.85862,0.85897
1474415174,0.85863,0.85897
1474415175,0.85863,0.85898
1474415185,0.85863,0.85899
1474415188,0.85863,0.85898
1474415191,0.85863,0.85899
1474415195,0.85863,0.85898
1474415197,0.85864,0.85898
1474415197,0.85864,0.85899
1474415197,0.85865,0.859
1474415202,0.85865,0.859
1474415202,0.85865,0.859
1474415209,0.85866,0.859
1474415209,0.85865,0.859
1474415213,0.85865,0.85899
1474415217,0.85864,0.85898
1474415218,0.85865,0.85899
1474415224,0.85864,0.85899
1474415226,0.85863,0.85899
1474415226,0.85863,0.85897
1474415226,0.85861,0.85897
1474415227,0.8586,0.85895
1474415229,0.8586,0.85894
1474415230,0.85859,0.85894
1474415230,0.85859,0.85895
1474415231,0.85859,0.85893
1474415234,0.85858,0.85894
1474415234,0.85858,0.85893
1474415235,0.85862,0.85897
1474415235,0.85863,0.85898
1474415235,0.85863,0.85898
1474415235,0.85862,0.8589599999999999
1474415236,0.85862,0.85897
1474415237,0.85863,0.85897
1474415237,0.85864,0.85897
1474415237,0.85863,0.85898
1474415237,0.85862,0.85898
1474415237,0.85862,0.85897
1474415237,0.85862,0.85898
1474415238,0.85863,0.85899
1474415238,0.85862,0.85898
1474415238,0.85863,0.85898
1474415238,0.85862,0.85899
1474415238,0.85862,0.85898
1474415238,0.85862,0.8589599999999999
1474415238,0.85862,0.85897
1474415239,0.85862,0.8589599999999999
1474415240,0.85861,0.8589599999999999
1474415241,0.85861,0.85897
1474415241,0.85861,0.8589599999999999
1474415241,0.8586,0.85895
1474415241,0.8586,0.85895
1474415241,0.8586,0.8589599999999999
1474415242,0.85861,0.8589599999999999
1474415242,0.85861,0.8589599999999999
1474415242,0.8586,0.8589599999999999
1474415242,0.8586,0.85895
1474415242,0.8586,0.8589599999999999
1474415243,0.85861,0.8589599999999999
1474415244,0.85861,0.85897
1474415245,0.8586,0.8589599999999999
1474415245,0.85861,0.8589599999999999
1474415245,0.8586,0.8589599999999999
1474415248,0.85861,0.8589599999999999
1474415258,0.8586,0.8589599999999999
1474415258,0.8586,0.85895
1474415258,0.8586,0.85894
1474415258,0.8586,0.85895
1474415259,0.85858,0.85893
1474415259,0.85858,0.85892
1474415259,0.8585700000000001,0.85892
1474415260,0.85858,0.85891
1474415261,0.8585700000000001,0.85891
1474415265,0.8585700000000001,0.85892
1474415265,0.8585700000000001,0.85891
1474415266,0.8585700000000001,0.8589
1474415266,0.8585700000000001,0.85891
1474415269,0.85856,0.85892
1474415269,0.8585700000000001,0.85892
1474415269,0.8585700000000001,0.85893
1474415270,0.85858,0.85893
1474415271,0.85858,0.85893
1474415272,0.85858,0.85891
1474415276,0.85856,0.85892
1474415276,0.85856,0.85892
1474415279,0.8585700000000001,0.85892
1474415280,0.85856,0.85892
1474415280,0.8585700000000001,0.85892
1474415282,0.85856,0.85892
1474415282,0.8585700000000001,0.85892
1474415282,0.85856,0.85892
1474415282,0.8585700000000001,0.85892
1474415283,0.85856,0.85892
1474415286,0.8585700000000001,0.85892
1474415286,0.85856,0.85892
1474415289,0.8585700000000001,0.85893
1474415290,0.85856,0.85892
1474415290,0.8585700000000001,0.85893
1474415291,0.85856,0.85892
1474415291,0.8585700000000001,0.85892
1474415292,0.85856,0.85892
1474415292,0.8585700000000001,0.85893
1474415293,0.85856,0.85893
1474415293,0.85856,0.85892
1474415297,0.85856,0.85891
1474415309,0.85856,0.85892
1474415309,0.85856,0.85891
1474415312,0.85856,0.85892
1474415312,0.85856,0.85891
1474415313,0.85856,0.8589
1474415316,0.85856,0.85891
1474415319,0.8585700000000001,0.85891
1474415320,0.8585700000000001,0.85892
1474415320,0.8585700000000001,0.85893
1474415320,0.85859,0.85895
1474415320,0.85859,0.85895
1474415321,0.8585700000000001,0.85894
1474415322,0.85856,0.85893
1474415323,0.8585700000000001,0.85893
1474415340,0.85856,0.85893
1474415344,0.8585700000000001,0.85893
1474415351,0.8585700000000001,0.85894
1474415351,0.85858,0.85894
1474415355,0.85858,0.85893
1474415359,0.85856,0.85892
1474415359,0.85856,0.85893
1474415376,0.8585700000000001,0.85893
1474415376,0.85856,0.85893
1474415379,0.85859,0.85893
1474415379,0.85856,0.85893
1474415385,0.85856,0.85892
1474415386,0.85856,0.85893
1474415386,0.85855,0.85891
1474415386,0.85856,0.85892
1474415387,0.85855,0.85892
1474415388,0.85856,0.85893
1474415389,0.85856,0.85893
1474415389,0.85856,0.85893
1474415389,0.85856,0.85892
1474415390,0.85856,0.85893
1474415400,0.8585700000000001,0.85894
1474415400,0.85856,0.85893
1474415404,0.8585700000000001,0.85894
1474415424,0.85858,0.85894
1474415424,0.85858,0.85894
1474415425,0.85858,0.85895
1474415425,0.85858,0.85894
1474415429,0.85859,0.85894
1474415430,0.85858,0.85894
1474415431,0.85858,0.85893
1474415432,0.85856,0.85893
1474415432,0.8585700000000001,0.85893
1474415434,0.85856,0.85893
1474415434,0.85856,0.85892
1474415434,0.85856,0.85893
1474415450,0.8585700000000001,0.85893
1474415450,0.85858,0.85893
1474415450,0.85858,0.85894
1474415450,0.8585700000000001,0.85894
1474415450,0.85858,0.85894
1474415451,0.8585700000000001,0.85894
1474415453,0.85858,0.85894
1474415454,0.8585700000000001,0.85894
1474415459,0.85856,0.85893
1474415459,0.85856,0.85892
1474415460,0.85856,0.85893
1474415461,0.8585700000000001,0.85893
1474415462,0.85858,0.85893
1474415462,0.85858,0.85892
1474415462,0.85856,0.85892
1474415462,0.85856,0.85893
1474415464,0.85856,0.85892
1474415467,0.8585700000000001,0.85893
1474415467,0.85858,0.85893
1474415467,0.85858,0.85894
1474415467,0.8585700000000001,0.85894
1474415467,0.8585700000000001,0.85893
1474415473,0.85856,0.85893
1474415476,0.8585700000000001,0.85893
1474415478,0.8585700000000001,0.85894
1474415483,0.85856,0.85891
1474415483,0.85856,0.85891
1474415487,0.85856,0.85892
1474415488,0.85856,0.85891
1474415488,0.85856,0.85892
1474415489,0.85856,0.85891
1474415489,0.85856,0.85892
1474415489,0.85856,0.85893
1474415490,0.8585700000000001,0.85893
1474415490,0.8585700000000001,0.85894
1474415490,0.8585700000000001,0.85893
1474415490,0.8585700000000001,0.85894
1474415491,0.8585700000000001,0.85893
1474415491,0.8585700000000001,0.85894
1474415517,0.8585700000000001,0.85893
1474415539,0.85858,0.85893
1474415546,0.8585700000000001,0.85893
1474415547,0.85858,0.85893
1474415547,0.85858,0.85894
1474415549,0.85858,0.85893
1474415550,0.8585700000000001,0.85893
1474415551,0.85858,0.85893
1474415565,0.8585700000000001,0.85893
1474415566,0.85858,0.85893
1474415570,0.8585700000000001,0.85893
1474415571,0.85858,0.85893
1474415574,0.8585700000000001,0.85893
1474415574,0.85858,0.85893
1474415577,0.85856,0.85891
1474415577,0.85856,0.85891
1474415578,0.85856,0.8589
1474415579,0.85856,0.85891
1474415579,0.85856,0.85891
1474415579,0.8585700000000001,0.85893
1474415582,0.8585700000000001,0.85894
1474415583,0.8585700000000001,0.85893
1474415584,0.8585700000000001,0.85894
1474415584,0.8585700000000001,0.85893
1474415584,0.85858,0.85894
1474415584,0.85858,0.85894
1474415585,0.85858,0.85893
1474415585,0.85858,0.85894
1474415585,0.85858,0.85895
1474415585,0.85858,0.85894
1474415585,0.85859,0.85894
1474415586,0.85859,0.8589599999999999
1474415586,0.85859,0.85894
1474415586,0.85858,0.85894
1474415586,0.85858,0.85895
1474415586,0.85858,0.85894
1474415589,0.85859,0.85895
1474415589,0.85859,0.8589599999999999
1474415589,0.85859,0.85895
1474415590,0.8586,0.85895
1474415590,0.8586,0.8589599999999999
1474415590,0.85861,0.8589599999999999
1474415590,0.85863,0.85898
1474415590,0.85865,0.85902
1474415590,0.85865,0.8590100000000001
1474415590,0.85864,0.8590100000000001
1474415591,0.85866,0.8590100000000001
1474415591,0.85866,0.85903
1474415591,0.85866,0.85902
1474415592,0.85866,0.85903
1474415594,0.85867,0.85903
1474415594,0.85867,0.85902
1474415594,0.85866,0.85902
1474415594,0.85866,0.85903
1474415594,0.85867,0.85903
1474415594,0.85868,0.85903
1474415594,0.85868,0.85904
1474415594,0.8587,0.85905
1474415594,0.85871,0.85905
1474415594,0.85871,0.85907
1474415595,0.8587,0.85906
1474415595,0.85871,0.85906
1474415601,0.85871,0.85907
1474415607,0.85872,0.85907
1474415609,0.85871,0.85907
1474415610,0.85872,0.85907
1474415610,0.85873,0.85908
1474415610,0.85872,0.85908
1474415611,0.85875,0.85907
1474415611,0.85875,0.85908
1474415611,0.85873,0.85907
1474415611,0.85873,0.85908
1474415613,0.85873,0.85909
1474415613,0.8587399999999999,0.8591
1474415613,0.8587399999999999,0.8591
1474415613,0.85875,0.8591
1474415614,0.85875,0.85911
1474415614,0.8587399999999999,0.85911
1474415615,0.85875,0.85911
1474415616,0.8587399999999999,0.8591
1474415617,0.85877,0.85911
1474415617,0.85877,0.85911
1474415617,0.85878,0.85914
1474415618,0.8587900000000001,0.85915
1474415618,0.8587900000000001,0.8591299999999999
1474415618,0.85877,0.8591299999999999
1474415619,0.85876,0.8591299999999999
1474415619,0.85876,0.85912
1474415619,0.85876,0.8591
1474415620,0.85876,0.85909
1474415620,0.85875,0.85909
1474415620,0.85876,0.85909
1474415621,0.85875,0.85909
1474415621,0.85876,0.85909
1474415622,0.85875,0.85909
1474415622,0.85876,0.8591
1474415622,0.85877,0.8591
1474415622,0.85877,0.85911
1474415623,0.85876,0.8591
1474415623,0.85876,0.85909
1474415623,0.85873,0.85908
1474415623,0.8587399999999999,0.85908
1474415623,0.85875,0.85909
1474415623,0.85876,0.85909
1474415632,0.85876,0.85908
1474415632,0.85875,0.85908
1474415632,0.85875,0.85909
1474415632,0.85875,0.8591
1474415640,0.85875,0.85909
1474415641,0.8587399999999999,0.85908
1474415641,0.8587399999999999,0.85907
1474415641,0.85875,0.85907
1474415641,0.85876,0.8591
1474415642,0.85877,0.8591
1474415642,0.85878,0.85911
1474415646,0.85877,0.85911
1474415646,0.85877,0.8591
1474415646,0.85876,0.8591
1474415657,0.85877,0.8591
1474415657,0.85878,0.8591
1474415657,0.85878,0.85911
1474415660,0.85877,0.8591
1474415662,0.85877,0.85911
1474415662,0.85877,0.8591
1474415665,0.85877,0.85911
1474415668,0.85877,0.8591
1474415668,0.85877,0.85911
1474415673,0.85877,0.8591
1474415673,0.85876,0.85909
1474415674,0.8587,0.85905
1474415674,0.8587,0.85906
1474415674,0.85872,0.85906
1474415674,0.85871,0.85906
1474415675,0.85871,0.85905
1474415675,0.85872,0.85905
1474415675,0.85872,0.85905
1474415675,0.85872,0.85906
1474415676,0.85873,0.85908
1474415677,0.8587399999999999,0.8591
1474415677,0.85875,0.8591
1474415677,0.85876,0.85911
1474415677,0.8587399999999999,0.85909
1474415678,0.8587399999999999,0.85908
1474415678,0.85873,0.85908
1474415678,0.8587399999999999,0.85908
1474415679,0.8587399999999999,0.85909
1474415679,0.85875,0.85909
1474415679,0.85875,0.8591
1474415679,0.8587399999999999,0.8591
1474415680,0.85875,0.85909
1474415680,0.85875,0.85911
1474415680,0.85876,0.8591
1474415681,0.85876,0.85911
1474415681,0.85877,0.85911
1474415682,0.85875,0.8591
1474415682,0.85875,0.8591
1474415682,0.85875,0.85909
1474415682,0.85873,0.85906
1474415683,0.8587399999999999,0.85907
1474415683,0.85875,0.85909
1474415684,0.85875,0.8591
1474415684,0.85875,0.85908
1474415684,0.85875,0.85909
1474415689,0.8587399999999999,0.85909
1474415690,0.85873,0.85909
1474415690,0.85873,0.85908
1474415691,0.8587399999999999,0.85908
1474415691,0.8587399999999999,0.85907
1474415691,0.8587399999999999,0.85906
1474415691,0.85873,0.85906
1474415692,0.85872,0.85906
1474415692,0.8587,0.85904
1474415692,0.85869,0.85904
1474415692,0.8587,0.85904
1474415693,0.85871,0.85905
1474415693,0.85872,0.85905
1474415693,0.85871,0.85905
1474415693,0.85872,0.85905
1474415693,0.85872,0.85906
1474415694,0.85872,0.85905
1474415694,0.85872,0.85906
1474415694,0.85872,0.85905
1474415694,0.85872,0.85906
1474415695,0.85872,0.85905
1474415695,0.85872,0.85908
1474415703,0.85873,0.85909
1474415703,0.85873,0.8591
1474415703,0.8587399999999999,0.85909
1474415710,0.8587399999999999,0.8591
1474415711,0.85873,0.85909
1474415711,0.85873,0.85909
1474415712,0.85873,0.8591
1474415717,0.85873,0.85909
1474415718,0.8587399999999999,0.85909
1474415718,0.85873,0.85909
1474415720,0.85873,0.8591
1474415720,0.85873,0.8591
1474415721,0.8587399999999999,0.8591
1474415721,0.8587399999999999,0.85911
1474415722,0.85875,0.85911
1474415722,0.85875,0.85912
1474415723,0.85876,0.8591299999999999
1474415723,0.85876,0.8591299999999999
1474415723,0.85877,0.8591299999999999
1474415723,0.85876,0.8591299999999999
1474415723,0.85877,0.85914
1474415723,0.85877,0.8591299999999999
1474415723,0.85875,0.85912
1474415723,0.85875,0.85912
1474415723,0.85875,0.85912
1474415724,0.85875,0.8591
1474415724,0.85876,0.85912
1474415724,0.85877,0.8591299999999999
1474415724,0.85878,0.85914
1474415724,0.85878,0.8591299999999999
1474415724,0.85877,0.8591299999999999
1474415726,0.85877,0.85912
1474415726,0.85877,0.8591299999999999
1474415727,0.85877,0.85912
1474415728,0.85877,0.8591299999999999
1474415728,0.85877,0.85912
1474415731,0.85877,0.8591299999999999
1474415731,0.85877,0.85912
1474415732,0.85877,0.8591299999999999
1474415735,0.85877,0.85912
1474415735,0.85877,0.8591299999999999
1474415736,0.85877,0.85912
1474415738,0.85877,0.8591299999999999
1474415739,0.85877,0.85912
1474415740,0.85876,0.85912
1474415741,0.85876,0.85911
1474415741,0.85875,0.85911
1474415741,0.85876,0.85912
1474415742,0.85876,0.85911
1474415742,0.85875,0.85911
1474415747,0.85876,0.85912
1474415747,0.85875,0.85911
1474415747,0.85876,0.85912
1474415747,0.85876,0.8591299999999999
1474415748,0.85876,0.85912
1474415748,0.85876,0.85912
1474415748,0.85877,0.85912
1474415749,0.85877,0.8591299999999999
1474415754,0.85877,0.85912
1474415754,0.85877,0.8591299999999999
1474415754,0.85878,0.85914
1474415754,0.8587900000000001,0.85915
1474415754,0.85878,0.85915
1474415755,0.8587900000000001,0.85915
1474415755,0.8587900000000001,0.85915
1474415756,0.8587900000000001,0.85915
1474415759,0.8588,0.85916
1474415759,0.8587900000000001,0.85916
1474415759,0.8588,0.85916
1474415760,0.85881,0.85917
1474415760,0.85881,0.8591800000000001
1474415761,0.85882,0.8591800000000001
1474415761,0.85882,0.85917
1474415761,0.85881,0.85916
1474415761,0.85881,0.85917
1474415761,0.8588,0.85916
1474415761,0.85878,0.85914
1474415762,0.85878,0.8591299999999999
1474415763,0.85878,0.85914
1474415764,0.85878,0.85915
1474415764,0.85878,0.85914
1474415769,0.8587900000000001,0.85915
1474415769,0.85878,0.85914
1474415777,0.8587900000000001,0.85915
1474415778,0.85878,0.85915
1474415780,0.8587900000000001,0.85915
1474415807,0.8587900000000001,0.85916
1474415807,0.8587900000000001,0.85915
1474415807,0.8588,0.85916
1474415808,0.8588,0.85915
1474415809,0.8587900000000001,0.85915
1474415810,0.8587900000000001,0.85914
1474415811,0.8587900000000001,0.85915
1474415813,0.8587900000000001,0.85914
1474415820,0.8587900000000001,0.85914
1474415836,0.8587900000000001,0.85915
1474415840,0.85878,0.85915
1474415840,0.8588,0.85915
1474415846,0.8588,0.85916
1474415856,0.8588,0.85917
1474415856,0.8588,0.85916
1474415857,0.8588,0.85917
1474415857,0.85881,0.8591800000000001
1474415857,0.85881,0.8591800000000001
1474415857,0.85881,0.85917
1474415858,0.85881,0.8591800000000001
1474415860,0.85882,0.85919
1474415861,0.85883,0.85919
1474415866,0.85882,0.85919
1474415871,0.85882,0.8591800000000001
1474415876,0.85882,0.85917
1474415876,0.85881,0.8591800000000001
1474415876,0.85881,0.8591800000000001
1474415876,0.85881,0.85916
1474415876,0.85881,0.85917
1474415876,0.85881,0.8591800000000001
1474415876,0.85881,0.85917
1474415877,0.85881,0.85916
1474415879,0.8588,0.85916
1474415880,0.8588,0.85917
1474415883,0.8588,0.85916
1474415883,0.8588,0.85915
1474415891,0.8588,0.85916
1474415894,0.8588,0.85917
1474415897,0.8588,0.85916
1474415897,0.85882,0.85917
1474415897,0.85883,0.8591800000000001
1474415897,0.85883,0.85919
1474415906,0.85884,0.8591800000000001
1474415907,0.85884,0.85919
1474415911,0.85884,0.8592
1474415915,0.85883,0.8591800000000001
1474415915,0.85878,0.85914
1474415916,0.85877,0.85912
1474415916,0.85877,0.85912
1474415916,0.85876,0.85912
1474415916,0.85875,0.85911
1474415938,0.85876,0.85911
1474415938,0.85877,0.8591299999999999
1474415938,0.85876,0.8591299999999999
1474415938,0.85876,0.85912
1474415938,0.85876,0.8591299999999999
1474415939,0.85875,0.85911
1474415939,0.85876,0.85911
1474415940,0.85875,0.85911
1474415940,0.85876,0.85911
1474415941,0.85875,0.85911
1474415951,0.85876,0.85912
1474415951,0.85877,0.85912
1474415951,0.85876,0.85911
1474415951,0.85875,0.85911
1474415952,0.85877,0.85912
1474415952,0.85878,0.85914
1474415952,0.85877,0.8591299999999999
1474415952,0.85878,0.85914
1474415952,0.85878,0.85914
1474415952,0.85878,0.85915
1474415952,0.85878,0.85914
1474415952,0.85878,0.85914
1474415953,0.85878,0.85915
1474415953,0.8587900000000001,0.85915
1474415953,0.8588,0.85915
1474415953,0.85881,0.85915
1474415953,0.85882,0.8591800000000001
1474415954,0.85881,0.8591800000000001
1474415954,0.85882,0.8591800000000001
1474415954,0.85883,0.8591800000000001
1474415954,0.85882,0.8591800000000001
1474415955,0.85881,0.8591800000000001
1474415956,0.85883,0.85919
1474415956,0.85884,0.8592
1474415957,0.85884,0.8592
1474415957,0.85887,0.85923
1474415957,0.85887,0.85922
1474415957,0.85888,0.85923
1474415957,0.85887,0.85923
1474415957,0.85887,0.85922
1474415958,0.85886,0.85923
1474415959,0.85887,0.85923
1474415959,0.85887,0.85922
1474415959,0.85886,0.85922
1474415959,0.85887,0.85923
1474415962,0.85889,0.85926
1474415962,0.85889,0.85926
1474415962,0.8589,0.85927
1474415963,0.8589,0.85925
1474415963,0.8589,0.85924
1474415964,0.85888,0.85924
1474415965,0.85886,0.85922
1474415965,0.85882,0.85919
1474415965,0.85884,0.85919
1474415966,0.85884,0.8592
1474415966,0.85884,0.8592
1474415966,0.85885,0.8592
1474415966,0.85886,0.85921
1474415966,0.85885,0.85921
1474415967,0.85885,0.8592
1474415967,0.85883,0.85919
1474415967,0.85881,0.85917
1474415969,0.8588,0.85917
1474415970,0.8588,0.85916
1474415980,0.8587900000000001,0.85916
1474415980,0.8588,0.85916
1474415980,0.85881,0.85916
1474415980,0.85881,0.8591800000000001
1474415981,0.85881,0.85917
1474415981,0.85882,0.85919
1474415981,0.85884,0.85919
1474415981,0.85884,0.8592
1474415990,0.85884,0.85921
1474415990,0.85885,0.85921
1474415990,0.85885,0.85922
1474415990,0.85886,0.85922
1474415990,0.85887,0.85922
1474415990,0.85887,0.85923
1474415991,0.85886,0.85921
1474415991,0.85884,0.8592
1474415991,0.85885,0.85921
1474415991,0.85884,0.85921
1474415991,0.85884,0.85921
1474415996,0.85885,0.85921
1474415996,0.85885,0.85922
1474415996,0.85886,0.85923
1474415996,0.85885,0.85923
1474415999,0.85887,0.85924
1474416001,0.85889,0.85927
1474416001,0.85889,0.85926
1474416001,0.8589,0.85926
1474416001,0.8589,0.85927
1474416001,0.85889,0.85925
1474416001,0.85888,0.85924
1474416001,0.85885,0.85921
1474416001,0.85884,0.85921
1474416002,0.85883,0.8592
1474416002,0.85883,0.8591800000000001
1474416008,0.85884,0.8591800000000001
1474416008,0.85884,0.85921
1474416009,0.85884,0.8592
1474416010,0.85885,0.8592
1474416011,0.85884,0.8592
1474416012,0.85883,0.8592
1474416012,0.85883,0.85919
1474416012,0.85882,0.85919
1474416012,0.85882,0.8591800000000001
1474416012,0.85881,0.8591800000000001
1474416012,0.85881,0.85917
1474416015,0.8588,0.85917
1474416018,0.8588,0.85916
1474416020,0.85881,0.85915
1474416020,0.8588,0.85915
1474416023,0.8587900000000001,0.85915
1474416023,0.8588,0.85915
1474416025,0.8587900000000001,0.85915
1474416028,0.8588,0.85915
1474416031,0.8587900000000001,0.85915
1474416031,0.8588,0.85915
1474416034,0.8587900000000001,0.85915
1474416034,0.85877,0.85914
1474416034,0.85876,0.8591299999999999
1474416034,0.8587399999999999,0.85911
1474416034,0.8587399999999999,0.8591
1474416035,0.85875,0.8591
1474416035,0.8587399999999999,0.8591
1474416036,0.85875,0.8591
1474416036,0.85875,0.8591
1474416037,0.85876,0.8591
1474416037,0.85875,0.8591
1474416037,0.85876,0.8591
1474416037,0.85875,0.8591
1474416037,0.85876,0.8591
1474416040,0.85877,0.8591
1474416040,0.85876,0.8591
1474416040,0.85877,0.8591
1474416040,0.85875,0.85911
1474416040,0.8587399999999999,0.8591
1474416041,0.85875,0.8591
1474416042,0.85876,0.8591
1474416042,0.85876,0.85911
1474416043,0.85877,0.85911
1474416044,0.8587900000000001,0.85911
1474416044,0.8587900000000001,0.85911
1474416045,0.8588,0.85911
1474416045,0.8587900000000001,0.85911
1474416045,0.8588,0.85911
1474416046,0.8587900000000001,0.85911
1474416046,0.85878,0.85911
1474416046,0.85877,0.85911
1474416047,0.85878,0.85911
1474416050,0.8587900000000001,0.85911
1474416054,0.85878,0.85911
1474416054,0.8587900000000001,0.85911
1474416054,0.85878,0.85911
1474416058,0.8587900000000001,0.85911
1474416060,0.8588,0.85911
1474416060,0.85881,0.85912
1474416060,0.8588,0.85912
1474416060,0.85882,0.85916
1474416060,0.85882,0.85916
1474416060,0.85881,0.85916
1474416061,0.85882,0.85919
1474416061,0.85883,0.85919
1474416062,0.85882,0.85919
1474416062,0.85881,0.8591800000000001
1474416062,0.8588,0.85917
1474416063,0.8588,0.85915
1474416063,0.8587900000000001,0.85915
1474416063,0.85878,0.85915
1474416063,0.85878,0.85914
1474416063,0.85877,0.85911
1474416067,0.85878,0.85911
1474416067,0.8587900000000001,0.85911
1474416071,0.85878,0.85911
1474416073,0.8587900000000001,0.85911
1474416073,0.8587900000000001,0.85912
1474416073,0.8587900000000001,0.85916
1474416080,0.8587900000000001,0.85915
1474416089,0.8587900000000001,0.85916
1474416090,0.8587900000000001,0.85915
1474416091,0.8588,0.85915
1474416091,0.8587900000000001,0.85915
1474416095,0.8587900000000001,0.8591299999999999
1474416096,0.8587900000000001,0.8591299999999999
1474416096,0.8587900000000001,0.85915
1474416096,0.8587900000000001,0.85916
1474416101,0.8588,0.85916
1474416105,0.8588,0.85917
1474416106,0.85881,0.85917
1474416106,0.8588,0.85917
1474416107,0.85888,0.8591800000000001
1474416107,0.85888,0.85919
1474416107,0.85888,0.85921
1474416107,0.85889,0.85923
1474416108,0.85889,0.85924
1474416108,0.85889,0.85923
1474416108,0.85889,0.85924
1474416109,0.85889,0.85923
1474416118,0.85889,0.85924
1474416119,0.85889,0.85923
1474416123,0.8589,0.85925
1474416123,0.8589,0.85925
1474416125,0.85889,0.85926
1474416125,0.85889,0.85925
1474416126,0.85889,0.85924
1474416126,0.85889,0.85925
1474416126,0.85889,0.85924
1474416127,0.85889,0.85923
1474416131,0.85889,0.85924
1474416131,0.85889,0.85923
1474416132,0.85889,0.85924
1474416132,0.85889,0.85923
1474416133,0.85889,0.85924
1474416133,0.85889,0.85923
1474416133,0.85889,0.85924
1474416133,0.85889,0.85925
1474416134,0.85889,0.85924
1474416137,0.85888,0.85924
1474416137,0.85889,0.85924
1474416137,0.85889,0.85925
1474416138,0.8589,0.85926
1474416138,0.85889,0.85925
1474416138,0.85889,0.85924
1474416139,0.85887,0.85924
1474416139,0.85889,0.85924
1474416140,0.85887,0.85924
1474416140,0.85889,0.85924
1474416140,0.85889,0.85925
1474416141,0.85889,0.85924
1474416141,0.8589,0.85924
1474416142,0.8589,0.85925
1474416142,0.8589,0.85924
1474416142,0.8589,0.85925
1474416146,0.8589,0.85926
1474416146,0.8589,0.85925
1474416147,0.8589,0.85924
1474416147,0.8589,0.85923
1474416148,0.8589,0.85924
1474416148,0.8589,0.85925
1474416151,0.8589,0.85924
1474416156,0.8589,0.85923
1474416164,0.8589,0.85924
1474416166,0.8589,0.85923
1474416171,0.8589,0.85924
1474416171,0.8589,0.85925
1474416171,0.8589,0.85924
1474416171,0.8589,0.85923
1474416172,0.8589,0.85924
1474416173,0.8589,0.85923
1474416176,0.8589,0.85924
1474416176,0.8589,0.85923
1474416182,0.8589,0.85924
1474416184,0.8589,0.85923
1474416186,0.8589,0.85924
1474416186,0.8589,0.85926
1474416186,0.8589,0.85925
1474416187,0.8589,0.85924
1474416187,0.8589,0.85924
1474416187,0.8589,0.85925
1474416187,0.8589,0.85924
1474416206,0.8589,0.85925
1474416219,0.85889,0.85925
1474416219,0.8589,0.85925
1474416220,0.85889,0.85925
1474416220,0.8589,0.85925
1474416223,0.85889,0.85925
1474416223,0.8589,0.85924
1474416224,0.8589,0.85925
1474416226,0.8589,0.85926
1474416238,0.85891,0.85926
1474416238,0.85893,0.85927
1474416239,0.85893,0.85928
1474416239,0.85892,0.85928
1474416239,0.85893,0.85928
1474416239,0.85894,0.85928
1474416240,0.85899,0.85929
1474416243,0.85899,0.85931
1474416243,0.85899,0.85933
1474416243,0.859,0.85933
1474416244,0.859,0.85934
1474416246,0.859,0.85933
1474416246,0.859,0.85934
1474416249,0.859,0.85933
1474416251,0.859,0.85934
1474416252,0.859,0.85933
1474416252,0.859,0.85934
1474416255,0.859,0.8593499999999999
1474416264,0.859,0.85934
1474416264,0.859,0.85933
1474416264,0.859,0.85932
1474416264,0.859,0.85931
1474416264,0.85899,0.8593
1474416264,0.85899,0.85931
1474416264,0.85899,0.85934
1474416264,0.85899,0.85934
1474416265,0.85899,0.85933
1474416265,0.85899,0.85932
1474416272,0.85899,0.85933
1474416272,0.859,0.85932
1474416273,0.85898,0.85932
1474416273,0.85897,0.85932
1474416273,0.859,0.85932
1474416274,0.85897,0.85932
1474416274,0.85899,0.85932
1474416274,0.859,0.85932
1474416275,0.8589599999999999,0.85932
1474416275,0.85899,0.85932
1474416276,0.8589599999999999,0.85932
1474416276,0.85899,0.85932
1474416276,0.859,0.85932
1474416277,0.8589599999999999,0.85932
1474416277,0.85899,0.85932
1474416277,0.859,0.85932
1474416308,0.859,0.85933
1474416314,0.859,0.85934
1474416314,0.859,0.85933
1474416324,0.85897,0.85933
1474416324,0.85897,0.85934
1474416325,0.859,0.85933
1474416325,0.85898,0.85933
1474416325,0.85897,0.85933
1474416325,0.859,0.85934
1474416326,0.859,0.85933
1474416326,0.85897,0.85933
1474416326,0.85897,0.85934
1474416326,0.859,0.85933
1474416327,0.859,0.85934
1474416333,0.859,0.85933
1474416333,0.859,0.85932
1474416333,0.859,0.85933
1474416336,0.859,0.85932
1474416336,0.859,0.85931
1474416344,0.859,0.85929
1474416345,0.85899,0.85929
1474416350,0.85899,0.85928
1474416351,0.85899,0.85926
1474416351,0.85899,0.85926
1474416351,0.85899,0.85927
1474416351,0.85899,0.85928
1474416352,0.85899,0.85929
1474416352,0.85899,0.8593
1474416352,0.85899,0.85931
1474416352,0.859,0.85931
1474416352,0.859,0.8593
1474416353,0.859,0.85931
1474416353,0.859,0.8593
1474416353,0.85899,0.8593
1474416353,0.859,0.8593
1474416353,0.859,0.85931
1474416353,0.85899,0.85931
1474416353,0.859,0.85931
1474416354,0.859,0.8593
1474416354,0.859,0.85929
1474416354,0.85899,0.85929
1474416355,0.85899,0.8593
1474416355,0.859,0.8593
1474416355,0.85899,0.8593
1474416355,0.859,0.8593
1474416355,0.85899,0.8593
1474416356,0.859,0.8593
1474416356,0.85899,0.8593
1474416357,0.859,0.8593
1474416357,0.85899,0.8593
1474416357,0.85899,0.85931
1474416357,0.85899,0.8593
1474416357,0.859,0.8593
1474416357,0.85899,0.85931
1474416357,0.85899,0.8593
1474416358,0.859,0.85931
1474416358,0.85899,0.85931
1474416358,0.859,0.85931
1474416358,0.85899,0.85931
1474416359,0.859,0.85931
1474416360,0.859,0.85932
1474416360,0.859,0.85933
1474416360,0.859,0.85932
1474416370,0.8589599999999999,0.85932
1474416370,0.85899,0.85932
1474416371,0.859,0.85932
1474416371,0.8589599999999999,0.85932
1474416371,0.859,0.85932
1474416372,0.85898,0.85932
1474416372,0.8589599999999999,0.85932
1474416372,0.859,0.85932
1474416373,0.8589599999999999,0.85933
1474416373,0.8589599999999999,0.85932
1474416374,0.859,0.85933
1474416378,0.859,0.85934
1474416378,0.859,0.8593499999999999
1474416378,0.8590100000000001,0.8593499999999999
1474416378,0.8590100000000001,0.85937
1474416379,0.85909,0.85938
1474416380,0.85909,0.85939
1474416380,0.85909,0.85938
1474416380,0.85909,0.85939
1474416380,0.85909,0.85938
1474416383,0.85909,0.85939
1474416383,0.85909,0.85938
1474416383,0.85909,0.85939
1474416383,0.85909,0.85938
1474416386,0.85909,0.85939
1474416390,0.85909,0.8594000000000001
1474416390,0.85909,0.85942
1474416391,0.85909,0.8594000000000001
1474416391,0.85909,0.8594000000000001
1474416392,0.85909,0.85943
1474416392,0.85909,0.85942
1474416392,0.85909,0.85943
1474416393,0.8591,0.85943
1474416397,0.8591,0.85944
1474416398,0.8591,0.85943
1474416398,0.8591,0.85942
1474416399,0.8591,0.8594000000000001
1474416399,0.85909,0.85939
1474416400,0.85909,0.85937
1474416400,0.85909,0.8593499999999999
1474416400,0.8589599999999999,0.85932
1474416401,0.8589599999999999,0.85931
1474416401,0.8589599999999999,0.85932
1474416402,0.8589599999999999,0.85933
1474416402,0.85897,0.85933
1474416403,0.85897,0.85934
1474416403,0.85898,0.85934
1474416403,0.85898,0.8593499999999999
1474416407,0.85898,0.85934
1474416408,0.85898,0.85933
1474416408,0.85899,0.85933
1474416409,0.85898,0.85933
1474416409,0.85898,0.85934
1474416410,0.85897,0.85934
1474416411,0.85898,0.85934
1474416411,0.85898,0.8593499999999999
1474416411,0.85899,0.8593499999999999
1474416411,0.859,0.85937
1474416411,0.85902,0.8593499999999999
1474416412,0.8590100000000001,0.85937
1474416412,0.85902,0.85937
1474416413,0.85903,0.85939
1474416413,0.85905,0.8594000000000001
1474416413,0.85904,0.85939
1474416413,0.85905,0.85939
1474416414,0.85905,0.85938
1474416417,0.85905,0.8594000000000001
1474416417,0.85906,0.85942
1474416417,0.85907,0.85942
1474416417,0.85909,0.85945
1474416419,0.8591,0.85945
1474416419,0.8591,0.85947
1474416419,0.8591,0.85945
1474416420,0.85911,0.85945
1474416432,0.85909,0.85945
1474416443,0.8591,0.85945
1474416443,0.8591,0.85947
1474416443,0.8591299999999999,0.85947
1474416443,0.8591299999999999,0.85948
1474416443,0.85915,0.85948
1474416443,0.85915,0.85949
1474416444,0.8591299999999999,0.85949
1474416444,0.8591299999999999,0.85948
1474416445,0.85912,0.85948
1474416453,0.85914,0.85948
1474416453,0.85915,0.8595
1474416453,0.85916,0.8595
1474416454,0.85916,0.8595
1474416454,0.85915,0.8595
1474416460,0.85916,0.85952
1474416465,0.85917,0.85952
1474416468,0.85916,0.85952
1474416468,0.85917,0.85952
1474416468,0.8591800000000001,0.85952
1474416470,0.85917,0.85952
1474416471,0.85916,0.85952
1474416474,0.85915,0.8595
1474416474,0.85912,0.85947
1474416474,0.85912,0.85945
1474416477,0.8591299999999999,0.85945
1474416480,0.8591299999999999,0.85947
1474416480,0.8591299999999999,0.85945
1474416480,0.85914,0.85945
1474416481,0.8591299999999999,0.85945
1474416481,0.85914,0.85945
1474416484,0.85912,0.85945
1474416484,0.85911,0.85945
1474416485,0.8591,0.85945
1474416485,0.8591,0.85944
1474416488,0.85908,0.85944
1474416488,0.85908,0.85943
1474416497,0.85907,0.85943
1474416505,0.85907,0.85942
1474416508,0.85908,0.85942
1474416508,0.85908,0.85943
1474416515,0.85908,0.85944
1474416519,0.85908,0.85943
1474416519,0.85908,0.85944
1474416520,0.85909,0.85944
1474416521,0.85908,0.85944
1474416521,0.85909,0.85945
1474416521,0.85908,0.85945
1474416521,0.85907,0.85944
1474416521,0.85907,0.85943
1474416521,0.85906,0.85943
1474416522,0.85907,0.85943
1474416530,0.85906,0.85943
1474416530,0.85906,0.8594000000000001
1474416530,0.85905,0.85939
1474416531,0.85905,0.8594000000000001
1474416539,0.85906,0.8594000000000001
1474416539,0.85907,0.85942
1474416539,0.85908,0.85943
1474416540,0.85911,0.85945
1474416540,0.85911,0.85945
1474416542,0.8591,0.85944
1474416542,0.8591,0.85944
1474416542,0.8591,0.85943
1474416542,0.8591,0.85944
1474416543,0.85911,0.85944
1474416543,0.85911,0.85945
1474416543,0.85912,0.85945
1474416544,0.85911,0.85945
1474416545,0.8591,0.85945
1474416545,0.8591,0.85944
1474416545,0.8591,0.85945
1474416545,0.8591,0.85944
1474416546,0.85908,0.85943
1474416546,0.85907,0.85942
1474416547,0.85908,0.85943
1474416552,0.85909,0.85943
1474416553,0.85909,0.85942
1474416553,0.85909,0.85943
1474416554,0.85909,0.85942
1474416555,0.85907,0.85942
1474416555,0.85906,0.85942
1474416555,0.85906,0.8594000000000001
1474416555,0.85905,0.8594000000000001
1474416556,0.85905,0.85939
1474416559,0.85905,0.85938
1474416570,0.85905,0.85939
1474416571,0.85906,0.8594000000000001
1474416571,0.85905,0.8594000000000001
1474416571,0.85905,0.85939
1474416578,0.85905,0.8594000000000001
1474416578,0.85906,0.8594000000000001
1474416582,0.85906,0.85939
1474416583,0.85905,0.85939
1474416590,0.85905,0.85938
1474416593,0.85905,0.85937
1474416594,0.85904,0.85937
1474416596,0.85904,0.8593499999999999
1474416597,0.85904,0.85937
1474416597,0.85904,0.85937
1474416597,0.85904,0.85937
1474416598,0.85907,0.85939
1474416598,0.8591,0.8594000000000001
1474416598,0.85912,0.85945
1474416598,0.85912,0.85943
1474416599,0.85911,0.85943
1474416599,0.85911,0.85944
1474416599,0.85911,0.85943
1474416599,0.85911,0.85943
1474416599,0.85911,0.85944
1474416601,0.85911,0.85943
1474416601,0.85911,0.85944
1474416602,0.85912,0.85944
1474416602,0.85911,0.85944
1474416602,0.8591,0.85944
1474416603,0.85909,0.85944
1474416603,0.85909,0.85943
1474416603,0.8591,0.85943
1474416603,0.85909,0.85943
1474416603,0.85909,0.85943
1474416603,0.85909,0.85942
1474416603,0.85904,0.85933
1474416603,0.85904,0.8593499999999999
1474416604,0.85903,0.8593499999999999
1474416609,0.85903,0.85937
1474416612,0.85904,0.85937
1474416616,0.85904,0.85938
1474416616,0.85904,0.85937
1474416621,0.85904,0.85938
1474416623,0.85904,0.85937
1474416624,0.85904,0.85938
1474416625,0.85904,0.85937
1474416628,0.85904,0.85938
1474416634,0.85904,0.85937
1474416634,0.85904,0.85938
1474416637,0.85904,0.85937
1474416644,0.85904,0.85938
1474416646,0.85905,0.85938
1474416646,0.85904,0.85938
1474416646,0.85905,0.85938
1474416646,0.85904,0.85938
1474416647,0.85905,0.85938
1474416647,0.85904,0.85938
1474416647,0.85905,0.85938
1474416648,0.85906,0.85938
1474416648,0.85906,0.85939
1474416650,0.85905,0.85939
1474416650,0.85904,0.85938
1474416654,0.85905,0.85938
1474416654,0.85906,0.8594000000000001
1474416655,0.85907,0.8594000000000001
1474416656,0.85906,0.8594000000000001
1474416656,0.85906,0.85939
1474416656,0.85907,0.8594000000000001
1474416657,0.85908,0.8594000000000001
1474416658,0.85907,0.8594000000000001
1474416660,0.85906,0.85939
1474416660,0.85905,0.85939
1474416661,0.85906,0.85939
1474416661,0.85905,0.85939
1474416663,0.85905,0.85938
1474416664,0.85904,0.85938
1474416664,0.85905,0.85938
1474416665,0.85906,0.85938
1474416665,0.85906,0.85939
1474416667,0.85907,0.85939
1474416667,0.85907,0.8594000000000001
1474416668,0.85906,0.8594000000000001
1474416668,0.85907,0.85939
1474416668,0.85907,0.85939
1474416668,0.85906,0.85939
1474416670,0.85907,0.8594000000000001
1474416671,0.85906,0.85939
1474416671,0.85906,0.8594000000000001
1474416672,0.85906,0.85939
1474416672,0.85906,0.8594000000000001
1474416676,0.85907,0.8594000000000001
1474416681,0.85906,0.8594000000000001
1474416690,0.85907,0.8594000000000001
1474416690,0.85908,0.8594000000000001
1474416690,0.85908,0.85942
1474416691,0.85907,0.8594000000000001
1474416691,0.85906,0.8594000000000001
1474416696,0.85905,0.8594000000000001
1474416697,0.85903,0.85938
1474416697,0.85903,0.85938
1474416698,0.85903,0.85937
1474416713,0.85903,0.8593499999999999
1474416714,0.85903,0.85937
1474416718,0.85903,0.85938
1474416719,0.85903,0.85937
1474416720,0.85903,0.85938
1474416720,0.85903,0.85937
1474416730,0.85903,0.85938
1474416742,0.85904,0.85938
1474416742,0.85904,0.85939
1474416748,0.85904,0.85938
1474416748,0.85903,0.85938
1474416752,0.85904,0.85938
1474416752,0.85904,0.85939
1474416759,0.85905,0.8594000000000001
1474416766,0.85904,0.8594000000000001
1474416766,0.85906,0.8594000000000001
1474416780,0.85906,0.85942
1474416780,0.85906,0.8594000000000001
1474416782,0.85907,0.8594000000000001
1474416782,0.85907,0.85942
1474416782,0.85908,0.85942
1474416785,0.85908,0.85943
1474416785,0.85909,0.85944
1474416786,0.85909,0.85945
1474416787,0.85909,0.85944
1474416788,0.85909,0.85945
1474416791,0.8591,0.85945
1474416791,0.85909,0.85945
1474416791,0.8591,0.85947
1474416796,0.85911,0.85947
1474416796,0.85912,0.85948
1474416796,0.8591299999999999,0.85949
1474416796,0.8591299999999999,0.85949
1474416798,0.8591299999999999,0.8595
1474416806,0.8591299999999999,0.85949
1474416807,0.8591299999999999,0.8595
1474416813,0.85914,0.8595
1474416814,0.85915,0.8595
1474416814,0.85915,0.85952
1474416818,0.85915,0.8595
1474416826,0.85916,0.85952
1474416827,0.85917,0.85952
1474416831,0.85916,0.85952
1474416831,0.85915,0.8595
1474416831,0.85915,0.8595
1474416834,0.85915,0.85952
1474416834,0.85914,0.8595
1474416835,0.8591299999999999,0.8595
1474416835,0.8591299999999999,0.85949
1474416836,0.85914,0.8595
1474416837,0.8591299999999999,0.8595
1474416837,0.85914,0.8595
1474416838,0.85914,0.8595
1474416840,0.8591299999999999,0.8595
1474416840,0.85914,0.8595
1474416841,0.8591299999999999,0.8595
1474416841,0.85914,0.8595
1474416842,0.8591299999999999,0.8595
1474416844,0.85914,0.8595
1474416844,0.8591299999999999,0.8595
1474416847,0.85914,0.8595
1474416849,0.8591299999999999,0.8595
1474416849,0.8591299999999999,0.85949
1474416850,0.8591299999999999,0.85948
1474416850,0.85912,0.85948
1474416850,0.85912,0.85947
1474416851,0.85911,0.85947
1474416852,0.8591,0.85947
1474416852,0.85911,0.85947
1474416853,0.8591,0.85947
1474416853,0.85911,0.85947
1474416855,0.8591,0.85947
1474416855,0.85911,0.85947
1474416856,0.8591,0.85947
1474416856,0.85911,0.85947
1474416857,0.8591,0.85947
