1475003708,0.86205,0.86238
1475003708,0.86206,0.86238
1475003708,0.86206,0.8624000000000001
1475003708,0.86206,0.86239
1475003708,0.86207,0.86239
1475003709,0.86205,0.86238
1475003709,0.86205,0.86239
1475003709,0.86205,0.8623499999999999
1475003710,0.86204,0.8623499999999999
1475003721,0.86203,0.8623499999999999
1475003725,0.86197,0.86232
1475003727,0.86197,0.86232
1475003728,0.86197,0.86231
1475003731,0.86198,0.86231
1475003732,0.86197,0.86231
1475003736,0.86197,0.8623
1475003745,0.8619599999999999,0.8623
1475003745,0.86197,0.8623
1475003749,0.8619599999999999,0.8623
1475003758,0.86195,0.86229
1475003758,0.86195,0.86228
1475003758,0.86195,0.86226
1475003760,0.86192,0.86225
1475003761,0.86191,0.86224
1475003766,0.86192,0.86224
1475003768,0.86192,0.86225
1475003774,0.86192,0.86224
1475003777,0.86192,0.86225
1475003782,0.86192,0.86226
1475003788,0.86193,0.86227
1475003788,0.86192,0.86227
1475003789,0.86192,0.86226
1475003797,0.86193,0.86226
1475003801,0.86194,0.86226
1475003802,0.86194,0.86227
1475003802,0.86195,0.86227
1475003804,0.86194,0.86227
1475003804,0.86195,0.86227
1475003804,0.86194,0.86227
1475003805,0.86195,0.86227
1475003805,0.86194,0.86227
1475003805,0.86193,0.86227
1475003805,0.86193,0.86226
1475003805,0.86192,0.86226
1475003805,0.86189,0.8622
1475003805,0.86189,0.8622
1475003805,0.86189,0.8622
1475003806,0.8619,0.86221
1475003806,0.86188,0.86221
1475003807,0.86189,0.86221
1475003807,0.86189,0.86221
1475003807,0.86189,0.86222
1475003807,0.86189,0.8622300000000001
1475003808,0.86189,0.86222
1475003808,0.8619,0.86222
1475003812,0.86189,0.86222
1475003812,0.86189,0.8622300000000001
1475003812,0.86189,0.86222
1475003825,0.86187,0.86221
1475003826,0.86186,0.8622
1475003826,0.86185,0.86219
1475003826,0.86187,0.8621799999999999
1475003826,0.86187,0.8622
1475003826,0.86186,0.8622
1475003827,0.86187,0.8622
1475003827,0.86186,0.8622
1475003827,0.86186,0.8621799999999999
1475003827,0.86186,0.8621799999999999
1475003827,0.86185,0.86219
1475003827,0.86186,0.86219
1475003828,0.86185,0.86219
1475003829,0.86185,0.8622
1475003829,0.86185,0.86219
1475003829,0.86186,0.8622
1475003829,0.86186,0.86221
1475003829,0.86187,0.86221
1475003839,0.86186,0.8622
1475003839,0.86186,0.8622
1475003840,0.8618400000000001,0.8621799999999999
1475003840,0.8618400000000001,0.8621799999999999
1475003840,0.86183,0.86216
1475003841,0.86183,0.86217
1475003843,0.8618400000000001,0.86217
1475003847,0.86185,0.86217
1475003847,0.8618400000000001,0.86217
1475003848,0.86185,0.86217
1475003848,0.86185,0.8621799999999999
1475003848,0.8618400000000001,0.8621799999999999
1475003849,0.86185,0.86217
1475003849,0.86185,0.8621799999999999
1475003850,0.8618400000000001,0.8621799999999999
1475003850,0.8618400000000001,0.86217
1475003851,0.8618400000000001,0.8621799999999999
1475003860,0.8618400000000001,0.86217
1475003860,0.8618400000000001,0.8621799999999999
1475003861,0.86183,0.86217
1475003861,0.86183,0.86217
1475003861,0.86182,0.86217
1475003861,0.86182,0.86216
1475003862,0.86182,0.86215
1475003862,0.86182,0.86216
1475003862,0.86182,0.86215
1475003862,0.86181,0.86216
1475003862,0.86182,0.86215
1475003862,0.86181,0.86215
1475003863,0.86182,0.86215
1475003863,0.86182,0.86214
1475003864,0.86181,0.86214
1475003867,0.86181,0.86215
1475003881,0.86181,0.86213
1475003881,0.86181,0.86214
1475003884,0.8618,0.86214
1475003884,0.86181,0.86214
1475003890,0.86182,0.86214
1475003890,0.86182,0.86215
1475003892,0.86183,0.86216
1475003892,0.8618400000000001,0.86216
1475003892,0.86183,0.86216
1475003892,0.86182,0.86216
1475003892,0.86181,0.86215
1475003907,0.86181,0.86214
1475003907,0.8618,0.86214
1475003907,0.86181,0.86214
1475003908,0.8618,0.86214
1475003908,0.86181,0.86214
1475003912,0.8618,0.86214
1475003912,0.86181,0.86214
1475003913,0.86181,0.86215
1475003914,0.86181,0.86216
1475003915,0.86182,0.86216
1475003915,0.86181,0.86216
1475003918,0.86181,0.86214
1475003918,0.8618,0.86214
1475003918,0.86181,0.86215
1475003923,0.86181,0.86216
1475003923,0.86181,0.86215
1475003929,0.8617899999999999,0.86214
1475003929,0.8617899999999999,0.86214
1475003929,0.8617899999999999,0.86212
1475003929,0.86177,0.86211
1475003932,0.86178,0.86212
1475003932,0.86178,0.86212
1475003934,0.8617899999999999,0.86214
1475003942,0.8618,0.86213
1475003943,0.8618,0.86214
1475003943,0.8618,0.86212
1475003944,0.8617899999999999,0.86212
1475003944,0.8618,0.86212
1475003944,0.8618,0.86212
1475003944,0.8618,0.86214
1475003946,0.8618,0.86213
1475003948,0.86181,0.86215
1475003952,0.86182,0.86216
1475003952,0.86182,0.86216
1475003953,0.86183,0.86216
1475003953,0.8618400000000001,0.86217
1475003953,0.86185,0.86217
1475003953,0.8618400000000001,0.86219
1475003953,0.86185,0.86219
1475003954,0.86185,0.8621799999999999
1475003954,0.8618400000000001,0.8621799999999999
1475003960,0.86185,0.8622
1475003960,0.86185,0.8622
1475003963,0.86186,0.86221
1475003963,0.86187,0.86221
1475003964,0.86186,0.86221
1475003969,0.86186,0.8622
1475003992,0.86186,0.86219
1475003994,0.86185,0.86219
1475003994,0.8618400000000001,0.86219
1475003994,0.86182,0.86215
1475003994,0.86182,0.86214
1475003995,0.86183,0.86215
1475003995,0.86183,0.86214
1475003996,0.86183,0.86215
1475003999,0.86182,0.86215
1475004001,0.86181,0.86213
1475004003,0.86181,0.86214
1475004003,0.86181,0.86213
1475004003,0.8618,0.86213
1475004003,0.8618,0.86212
1475004006,0.8618,0.86213
1475004011,0.86181,0.86213
1475004014,0.8618,0.86213
1475004014,0.8617899999999999,0.86212
1475004014,0.86178,0.86212
1475004014,0.86178,0.86211
1475004017,0.86178,0.8621
1475004017,0.86178,0.86209
1475004018,0.86178,0.8621
1475004018,0.86178,0.86209
1475004028,0.86178,0.8621
1475004030,0.86178,0.86211
1475004030,0.86178,0.8621
1475004030,0.86177,0.8621
1475004030,0.86176,0.8621
1475004030,0.86175,0.86209
1475004030,0.86177,0.86208
1475004030,0.86177,0.86209
1475004031,0.8617899999999999,0.86213
1475004031,0.86181,0.86214
1475004031,0.8618,0.86214
1475004032,0.86181,0.86214
1475004037,0.86182,0.86214
1475004038,0.86182,0.86215
1475004042,0.86181,0.86215
1475004042,0.8618,0.86213
1475004047,0.86178,0.86211
1475004051,0.8617899999999999,0.86211
1475004057,0.86178,0.86211
1475004058,0.86178,0.8621
1475004058,0.86177,0.8621
1475004058,0.86176,0.86209
1475004058,0.86176,0.86208
1475004058,0.86175,0.86209
1475004059,0.86176,0.86209
1475004059,0.86176,0.86208
1475004060,0.86175,0.86208
1475004060,0.86176,0.86208
1475004068,0.86176,0.86209
1475004068,0.86177,0.8621
1475004071,0.86176,0.8621
1475004071,0.86177,0.8621
1475004083,0.86177,0.86211
1475004096,0.86176,0.86211
1475004097,0.86177,0.86211
1475004103,0.86177,0.8621
1475004106,0.86176,0.8621
1475004106,0.86177,0.86209
1475004106,0.86177,0.8621
1475004106,0.86177,0.86211
1475004106,0.86177,0.86212
1475004107,0.86178,0.86212
1475004107,0.8617899999999999,0.86212
1475004107,0.8617899999999999,0.86213
1475004107,0.8617899999999999,0.86213
1475004107,0.8617899999999999,0.86213
1475004108,0.8618,0.86214
1475004108,0.86181,0.86214
1475004112,0.86182,0.86214
1475004114,0.86181,0.86214
1475004117,0.86182,0.86215
1475004120,0.86181,0.86214
1475004120,0.86181,0.86214
1475004124,0.8618,0.86214
1475004124,0.8617899999999999,0.86214
1475004125,0.8618,0.86212
1475004125,0.86182,0.86212
1475004125,0.86183,0.86212
1475004125,0.86182,0.86215
1475004125,0.86182,0.86216
1475004125,0.86181,0.86216
1475004128,0.86181,0.86215
1475004129,0.86182,0.86215
1475004129,0.86183,0.86216
1475004129,0.8618400000000001,0.8621799999999999
1475004129,0.86185,0.8621799999999999
1475004137,0.8618400000000001,0.86217
1475004141,0.86183,0.86217
1475004142,0.86183,0.8621799999999999
1475004142,0.8618400000000001,0.86217
1475004165,0.86185,0.86217
1475004169,0.86183,0.86217
1475004176,0.86183,0.86215
1475004176,0.86183,0.86217
1475004179,0.8618400000000001,0.86217
1475004179,0.86185,0.8621799999999999
1475004181,0.86185,0.86219
1475004181,0.86186,0.86219
1475004181,0.86186,0.8621799999999999
1475004181,0.86186,0.86219
1475004181,0.86186,0.8621799999999999
1475004182,0.86186,0.86219
1475004182,0.86187,0.86219
1475004182,0.86186,0.86219
1475004182,0.86186,0.8621799999999999
1475004183,0.86186,0.86219
1475004183,0.86187,0.86219
1475004183,0.86187,0.8622
1475004187,0.86186,0.8622
1475004187,0.86183,0.86217
1475004187,0.86183,0.86215
1475004191,0.86181,0.86215
1475004191,0.8617899999999999,0.86214
1475004191,0.86175,0.8621
1475004192,0.86176,0.8621
1475004192,0.86177,0.8621
1475004192,0.86178,0.86211
1475004192,0.8617899999999999,0.86211
1475004192,0.8618,0.86213
1475004193,0.86181,0.86213
1475004194,0.86181,0.86214
1475004194,0.86181,0.86214
1475004194,0.86181,0.86213
1475004197,0.8618,0.86213
1475004197,0.86181,0.86213
1475004197,0.86182,0.86214
1475004202,0.8617899999999999,0.86214
1475004203,0.86177,0.86211
1475004203,0.86178,0.86211
1475004203,0.86177,0.86211
1475004205,0.86176,0.86211
1475004205,0.86176,0.8621
1475004207,0.86176,0.86208
1475004207,0.86175,0.86208
1475004210,0.86174,0.86208
1475004211,0.86175,0.86209
1475004212,0.86174,0.86208
1475004216,0.86175,0.86208
1475004218,0.86174,0.86208
1475004228,0.86174,0.86207
1475004234,0.86176,0.86208
1475004234,0.86176,0.86208
1475004234,0.86177,0.86208
1475004234,0.86177,0.8621
1475004234,0.8617899999999999,0.86211
1475004234,0.86178,0.86212
1475004237,0.86178,0.86211
1475004237,0.8618,0.86212
1475004237,0.86182,0.86215
1475004237,0.86183,0.86215
1475004237,0.86182,0.86215
1475004238,0.86183,0.86215
1475004238,0.86183,0.86214
1475004238,0.86183,0.86215
1475004240,0.86182,0.86215
1475004240,0.86183,0.86215
1475004241,0.86182,0.86215
1475004246,0.8618400000000001,0.86215
1475004246,0.8618400000000001,0.86216
1475004247,0.86182,0.86215
1475004247,0.86182,0.86213
1475004247,0.86181,0.86213
1475004247,0.8618,0.86213
1475004247,0.8617899999999999,0.86213
1475004256,0.8618,0.86213
1475004256,0.8618,0.86214
1475004257,0.8618,0.86213
1475004259,0.8618,0.86214
1475004264,0.8618,0.86213
1475004264,0.8617899999999999,0.86213
1475004265,0.86178,0.86213
1475004266,0.8617899999999999,0.86213
1475004266,0.8618,0.86213
1475004266,0.8618,0.86214
1475004268,0.8618,0.86213
1475004268,0.86178,0.86213
1475004268,0.86178,0.86213
1475004269,0.86178,0.86211
1475004269,0.86177,0.86211
1475004269,0.86178,0.86212
1475004270,0.8617899999999999,0.86212
1475004271,0.8617899999999999,0.86213
1475004271,0.8618,0.86213
1475004271,0.86181,0.86213
1475004271,0.8618,0.86213
1475004271,0.86181,0.86213
1475004277,0.86181,0.86214
1475004278,0.86181,0.86215
1475004283,0.8618,0.86215
1475004284,0.86181,0.86215
1475004285,0.86181,0.86216
1475004286,0.86181,0.86215
1475004292,0.86181,0.86216
1475004292,0.86182,0.86216
1475004294,0.86182,0.86215
1475004303,0.86182,0.86214
1475004303,0.86182,0.86215
1475004309,0.86183,0.86215
1475004309,0.86182,0.86215
1475004316,0.8618,0.86215
1475004316,0.8618,0.86214
1475004321,0.8617899999999999,0.86214
1475004322,0.8617899999999999,0.86213
1475004322,0.8617899999999999,0.86214
1475004322,0.8617899999999999,0.86213
1475004322,0.8617899999999999,0.86214
1475004323,0.8617899999999999,0.86213
1475004329,0.86178,0.86213
1475004337,0.8618,0.86214
1475004337,0.8617899999999999,0.86213
1475004337,0.8617899999999999,0.86213
1475004338,0.8617899999999999,0.86214
1475004344,0.8617899999999999,0.86213
1475004344,0.86178,0.86213
1475004347,0.86177,0.86212
1475004347,0.86177,0.86211
1475004348,0.86177,0.86212
1475004348,0.86176,0.8621
1475004349,0.86176,0.86209
1475004349,0.86176,0.8621
1475004349,0.86175,0.8621
1475004349,0.86176,0.8621
1475004351,0.86176,0.86211
1475004352,0.86178,0.86211
1475004352,0.86178,0.86212
1475004352,0.8617899999999999,0.86213
1475004353,0.8618,0.86214
1475004355,0.8618,0.86213
1475004355,0.8618,0.86214
1475004355,0.8618,0.86213
1475004355,0.8618,0.86214
1475004358,0.86181,0.86214
1475004358,0.86183,0.86217
1475004359,0.86185,0.8622
1475004359,0.86186,0.8622
1475004359,0.86186,0.86219
1475004359,0.86186,0.8622
1475004359,0.86186,0.86219
1475004360,0.86186,0.8622
1475004361,0.86186,0.86219
1475004361,0.86186,0.8622
1475004364,0.86185,0.86219
1475004364,0.86186,0.86219
1475004364,0.86186,0.8622
1475004365,0.86185,0.86219
1475004365,0.86185,0.8622
1475004368,0.86186,0.8622
1475004368,0.86188,0.86221
1475004368,0.86189,0.8622300000000001
1475004368,0.8619,0.8622300000000001
1475004368,0.8619,0.86225
1475004369,0.86191,0.86225
1475004369,0.86192,0.86225
1475004369,0.86192,0.86226
1475004369,0.86192,0.86225
1475004370,0.86192,0.86226
1475004370,0.86193,0.86226
1475004370,0.86193,0.86227
1475004370,0.86194,0.86228
1475004372,0.86193,0.86228
1475004373,0.86194,0.86228
1475004373,0.86195,0.86229
1475004373,0.8619599999999999,0.8623
1475004377,0.8619599999999999,0.86231
1475004378,0.8619599999999999,0.8623
1475004380,0.86197,0.86231
1475004381,0.86197,0.8623
1475004381,0.8619599999999999,0.8623
1475004383,0.86195,0.8623
1475004384,0.8619599999999999,0.8623
1475004384,0.8619599999999999,0.86229
1475004384,0.86195,0.86229
1475004384,0.86194,0.8623
1475004384,0.86194,0.86228
1475004385,0.86195,0.8623
1475004385,0.8619599999999999,0.8623
1475004387,0.86195,0.86229
1475004387,0.86195,0.8623
1475004387,0.8619599999999999,0.86229
1475004387,0.86195,0.86229
1475004387,0.86195,0.86228
1475004388,0.86193,0.86228
1475004388,0.86194,0.86228
1475004389,0.86193,0.86228
1475004391,0.86194,0.86228
1475004394,0.86194,0.86229
1475004394,0.86195,0.8623
1475004394,0.86198,0.86234
1475004394,0.86198,0.86234
1475004394,0.86199,0.86234
1475004394,0.86199,0.86233
1475004396,0.862,0.86234
1475004396,0.862,0.86234
1475004398,0.8620100000000001,0.8623499999999999
1475004398,0.86203,0.86238
1475004398,0.86203,0.86237
1475004399,0.86204,0.86238
1475004400,0.86204,0.86239
1475004400,0.86205,0.86239
1475004400,0.86206,0.86239
1475004400,0.86208,0.86243
1475004400,0.86209,0.86243
1475004402,0.86209,0.8624000000000001
1475004402,0.86207,0.8624000000000001
1475004402,0.86208,0.86242
1475004402,0.86209,0.86244
1475004402,0.8621,0.86244
1475004403,0.86209,0.86244
1475004403,0.86209,0.86243
1475004403,0.8621,0.86243
1475004404,0.86209,0.86243
1475004405,0.8621,0.86244
1475004405,0.8621,0.86245
1475004405,0.8621,0.86244
1475004406,0.8621,0.86245
1475004406,0.86211,0.86245
1475004408,0.86212,0.86245
1475004410,0.86211,0.86245
1475004410,0.86212,0.86245
1475004416,0.86211,0.86245
1475004416,0.86211,0.86244
1475004416,0.86213,0.86245
1475004416,0.86212,0.86245
1475004417,0.86212,0.86247
1475004417,0.86212,0.86245
1475004417,0.86213,0.86247
1475004417,0.86213,0.86248
1475004418,0.86214,0.86247
1475004418,0.86214,0.86248
1475004419,0.86214,0.86247
1475004419,0.86213,0.86247
1475004420,0.86214,0.86248
1475004420,0.86214,0.86249
1475004420,0.86215,0.86249
1475004423,0.86215,0.86247
1475004423,0.86213,0.86247
1475004424,0.86214,0.86248
1475004425,0.86213,0.86248
1475004425,0.86213,0.86247
1475004428,0.86212,0.86245
1475004430,0.86213,0.86247
1475004430,0.86214,0.86247
1475004430,0.86215,0.86249
1475004430,0.86216,0.8625
1475004430,0.86215,0.86249
1475004431,0.86215,0.86248
1475004431,0.86215,0.86249
1475004431,0.86214,0.86248
1475004432,0.86215,0.86249
1475004433,0.86214,0.86248
1475004433,0.86215,0.86248
1475004433,0.86214,0.86248
1475004433,0.86213,0.86247
1475004433,0.86212,0.86247
1475004434,0.86211,0.86245
1475004435,0.8621,0.86245
1475004436,0.86211,0.86245
1475004438,0.8621,0.86245
1475004438,0.8621,0.86244
1475004438,0.86211,0.86244
1475004438,0.86211,0.86245
1475004438,0.8621,0.86244
1475004440,0.8621,0.86245
1475004440,0.8621,0.86244
1475004442,0.8621,0.86243
1475004442,0.8621,0.86244
1475004442,0.86209,0.86244
1475004443,0.8621,0.86245
1475004443,0.86211,0.86245
1475004445,0.8621,0.86244
1475004447,0.8621,0.86245
1475004447,0.86211,0.86245
1475004455,0.86212,0.86245
1475004455,0.86211,0.86245
1475004456,0.8621,0.86245
1475004456,0.8621,0.86244
1475004457,0.86209,0.86244
1475004458,0.8621,0.86244
1475004458,0.8621,0.86245
1475004459,0.86211,0.86245
1475004459,0.86212,0.86247
1475004459,0.86213,0.86247
1475004459,0.86214,0.86248
1475004460,0.86213,0.86247
1475004460,0.86213,0.86248
1475004460,0.86214,0.86248
1475004460,0.86213,0.86248
1475004460,0.86214,0.86248
1475004461,0.86213,0.86247
1475004462,0.86212,0.86245
1475004462,0.86213,0.86247
1475004463,0.86212,0.86247
1475004464,0.86212,0.86245
1475004466,0.86212,0.86247
1475004467,0.86212,0.86245
1475004467,0.86211,0.86245
1475004467,0.8621,0.86244
1475004468,0.86211,0.86244
1475004468,0.8621,0.86245
1475004468,0.8621,0.86244
1475004469,0.8621,0.86244
1475004469,0.86209,0.86243
1475004469,0.86208,0.86243
1475004469,0.86208,0.86242
1475004470,0.86208,0.86243
1475004471,0.86208,0.86242
1475004471,0.86207,0.8624000000000001
1475004472,0.86204,0.86239
1475004472,0.86204,0.86238
1475004474,0.86204,0.86239
1475004474,0.86205,0.86239
1475004474,0.86205,0.8624000000000001
1475004474,0.86206,0.86239
1475004474,0.86207,0.8624000000000001
1475004475,0.86205,0.8624000000000001
1475004475,0.86206,0.8624000000000001
1475004477,0.86205,0.86239
1475004477,0.862,0.8623499999999999
1475004477,0.8620100000000001,0.8623499999999999
1475004477,0.86202,0.8623499999999999
1475004478,0.86203,0.8623499999999999
1475004478,0.86205,0.8624000000000001
1475004482,0.86206,0.8624000000000001
1475004482,0.86207,0.8624000000000001
1475004484,0.86207,0.86242
1475004484,0.86208,0.86242
1475004489,0.86209,0.86242
1475004489,0.86209,0.86243
1475004490,0.86208,0.86243
1475004490,0.86208,0.86242
1475004491,0.86207,0.8624000000000001
1475004491,0.86206,0.86239
1475004492,0.86204,0.86239
1475004498,0.86205,0.8624000000000001
1475004498,0.86207,0.8624000000000001
1475004498,0.86206,0.86239
1475004499,0.86205,0.86239
1475004499,0.86204,0.86238
1475004499,0.86204,0.86238
1475004501,0.86203,0.86237
1475004501,0.86204,0.86237
1475004501,0.86204,0.86238
1475004501,0.86205,0.86238
1475004503,0.86206,0.86239
1475004503,0.86206,0.8624000000000001
1475004503,0.86208,0.8624000000000001
1475004503,0.86208,0.86242
1475004505,0.86209,0.86243
1475004506,0.8621,0.86243
1475004509,0.8621,0.86244
1475004510,0.86209,0.86244
1475004512,0.8621,0.86244
1475004512,0.86211,0.86245
1475004513,0.86212,0.86245
1475004514,0.86213,0.86247
1475004514,0.86213,0.86247
1475004515,0.86214,0.86247
1475004515,0.86215,0.86248
1475004515,0.86214,0.86248
1475004515,0.86215,0.86249
1475004523,0.86214,0.86248
1475004523,0.86213,0.86247
1475004523,0.86214,0.86248
1475004523,0.86214,0.86248
1475004523,0.86214,0.86247
1475004525,0.86213,0.86247
1475004525,0.86214,0.86247
1475004525,0.86214,0.86247
1475004527,0.86213,0.86247
1475004530,0.86214,0.86248
1475004534,0.86214,0.86249
1475004534,0.86214,0.86248
1475004535,0.86214,0.86247
1475004537,0.86214,0.86249
1475004538,0.86214,0.86248
1475004538,0.86214,0.86249
1475004538,0.86214,0.86248
1475004539,0.86215,0.86249
1475004539,0.86215,0.86248
1475004539,0.86214,0.86248
1475004539,0.86215,0.86249
1475004540,0.86215,0.86248
1475004540,0.86214,0.86249
1475004540,0.86215,0.86249
1475004540,0.86215,0.86248
1475004541,0.86215,0.86249
1475004541,0.86216,0.86249
1475004542,0.86215,0.86249
1475004542,0.86216,0.8625
1475004542,0.86216,0.8625
1475004543,0.86216,0.8625
1475004544,0.86216,0.8625
1475004544,0.86217,0.8625
1475004546,0.86216,0.8625
1475004546,0.86217,0.8625
1475004546,0.86216,0.8625
1475004550,0.86215,0.86249
1475004551,0.86214,0.86249
1475004551,0.86214,0.86248
1475004553,0.86215,0.86249
1475004553,0.86214,0.86249
1475004555,0.86214,0.86248
1475004559,0.86213,0.86248
1475004559,0.86213,0.86247
1475004559,0.86212,0.86244
1475004559,0.86212,0.86244
1475004559,0.8621,0.86244
1475004568,0.8621,0.86245
1475004568,0.8621,0.86244
1475004569,0.86209,0.86244
1475004569,0.86209,0.86243
1475004572,0.86208,0.86243
1475004572,0.86208,0.86242
1475004572,0.86208,0.86243
1475004576,0.8621,0.86244
1475004578,0.86211,0.86244
1475004578,0.86212,0.86245
1475004578,0.86211,0.86245
1475004579,0.86211,0.86245
1475004581,0.86212,0.86245
1475004582,0.86211,0.86245
1475004583,0.86212,0.86245
1475004584,0.86211,0.86245
1475004585,0.8621,0.86243
1475004585,0.86209,0.86242
1475004586,0.86208,0.86242
1475004586,0.86208,0.8624000000000001
1475004586,0.86207,0.86242
1475004586,0.86207,0.8624000000000001
1475004589,0.86206,0.8624000000000001
1475004589,0.86207,0.8624000000000001
1475004590,0.86206,0.8624000000000001
1475004590,0.86207,0.8624000000000001
1475004590,0.86207,0.86242
1475004592,0.86206,0.86242
1475004592,0.86207,0.86242
1475004592,0.86206,0.86242
1475004592,0.86207,0.86242
1475004592,0.86207,0.8624000000000001
1475004593,0.86208,0.86242
1475004593,0.86207,0.8624000000000001
1475004593,0.86205,0.8624000000000001
1475004594,0.86206,0.8624000000000001
1475004594,0.86206,0.8624000000000001
1475004601,0.86205,0.8624000000000001
1475004605,0.86206,0.8624000000000001
1475004609,0.86207,0.8624000000000001
1475004609,0.86207,0.86242
1475004610,0.86207,0.8624000000000001
1475004610,0.86207,0.86242
1475004610,0.86208,0.86242
1475004610,0.86208,0.86243
1475004611,0.86207,0.86242
1475004611,0.86208,0.86242
1475004611,0.86208,0.86243
1475004611,0.86207,0.86242
1475004611,0.86209,0.86242
1475004612,0.86209,0.86244
1475004612,0.8621,0.86244
1475004612,0.8621,0.86243
1475004612,0.86209,0.86243
1475004613,0.86209,0.86243
1475004613,0.86209,0.86243
1475004614,0.8621,0.86243
1475004614,0.8621,0.86243
1475004614,0.8621,0.86244
1475004615,0.86211,0.86244
1475004620,0.86212,0.86244
1475004623,0.86211,0.86244
1475004624,0.86211,0.86244
1475004624,0.86211,0.86244
1475004625,0.8621,0.86244
1475004625,0.8621,0.86243
1475004625,0.86209,0.86242
1475004625,0.86208,0.8624000000000001
1475004625,0.86207,0.8624000000000001
1475004626,0.86207,0.86242
1475004626,0.86208,0.86242
1475004628,0.86209,0.86242
1475004628,0.86209,0.86243
1475004628,0.8621,0.86243
1475004629,0.86211,0.86244
1475004629,0.86212,0.86244
1475004629,0.86212,0.86243
1475004630,0.86211,0.86243
1475004633,0.86211,0.86244
1475004634,0.86211,0.86243
1475004641,0.86208,0.86242
1475004641,0.86208,0.8624000000000001
1475004643,0.86207,0.8624000000000001
1475004643,0.86206,0.8624000000000001
1475004646,0.86207,0.8624000000000001
1475004646,0.86206,0.8624000000000001
1475004649,0.86205,0.8624000000000001
1475004649,0.86205,0.86239
1475004650,0.86206,0.8624000000000001
1475004650,0.86205,0.8624000000000001
1475004650,0.86204,0.86238
1475004652,0.86204,0.86239
1475004653,0.86204,0.86238
1475004653,0.86204,0.86239
1475004658,0.86204,0.86238
1475004658,0.86204,0.86238
1475004666,0.86203,0.86238
1475004666,0.86204,0.86238
1475004668,0.86203,0.86238
1475004670,0.86204,0.86238
1475004671,0.86203,0.86238
1475004675,0.86204,0.86238
1475004678,0.86203,0.86239
1475004678,0.86203,0.86238
1475004678,0.86205,0.86238
1475004678,0.86204,0.86238
1475004681,0.86203,0.86237
1475004686,0.86203,0.86238
1475004686,0.86203,0.86237
1475004688,0.86202,0.86237
1475004689,0.86203,0.86237
1475004690,0.86203,0.86237
1475004690,0.86203,0.86237
1475004692,0.86202,0.86237
1475004693,0.8620100000000001,0.8623499999999999
1475004694,0.862,0.86234
1475004694,0.86199,0.86233
1475004694,0.86198,0.86233
1475004695,0.86198,0.86233
1475004699,0.86198,0.86233
1475004699,0.86199,0.86233
1475004702,0.86198,0.86233
1475004702,0.86199,0.86233
1475004702,0.862,0.86233
1475004702,0.86199,0.86233
1475004702,0.862,0.8623499999999999
1475004704,0.8620100000000001,0.8623499999999999
1475004704,0.862,0.86234
1475004704,0.86202,0.86234
1475004705,0.86208,0.86242
1475004705,0.86207,0.86242
1475004706,0.86208,0.86242
1475004706,0.86207,0.8624000000000001
1475004706,0.86206,0.8624000000000001
1475004707,0.86207,0.8624000000000001
1475004707,0.86206,0.8624000000000001
1475004708,0.86207,0.8624000000000001
1475004708,0.86206,0.8624000000000001
1475004711,0.86207,0.8624000000000001
1475004711,0.86207,0.86242
1475004711,0.86208,0.86242
1475004712,0.86207,0.86242
1475004714,0.86208,0.86242
1475004715,0.86209,0.86242
1475004716,0.86208,0.86242
1475004716,0.86209,0.86242
1475004716,0.86208,0.86242
1475004716,0.86209,0.86242
1475004717,0.86208,0.86242
1475004717,0.86209,0.86242
1475004719,0.86208,0.86242
1475004719,0.86207,0.86242
1475004720,0.86208,0.86242
1475004720,0.86207,0.86242
1475004721,0.86208,0.86242
1475004722,0.86209,0.86242
1475004722,0.8621,0.86245
1475004722,0.86211,0.86245
1475004723,0.86212,0.86245
1475004726,0.86211,0.86245
1475004730,0.8621,0.86244
1475004730,0.86209,0.86244
1475004730,0.8621,0.86244
1475004730,0.86209,0.86244
1475004730,0.8621,0.86244
1475004730,0.8621,0.86245
1475004730,0.8621,0.86244
1475004731,0.86212,0.86245
1475004731,0.86212,0.86247
1475004731,0.86213,0.86247
1475004732,0.86213,0.86245
1475004732,0.86213,0.86247
1475004735,0.86213,0.86247
1475004738,0.86212,0.86247
1475004739,0.86212,0.86245
1475004739,0.86211,0.86245
1475004742,0.8621,0.86245
1475004743,0.86211,0.86245
1475004748,0.8621,0.86245
1475004748,0.86211,0.86245
1475004750,0.8621,0.86245
1475004750,0.86211,0.86245
1475004754,0.8621,0.86244
1475004757,0.86211,0.86244
1475004757,0.8621,0.86244
1475004769,0.86209,0.86244
1475004771,0.86208,0.86242
1475004772,0.86208,0.86243
1475004777,0.86209,0.86243
1475004781,0.86208,0.86243
1475004791,0.86209,0.86243
1475004805,0.86209,0.86244
1475004806,0.86209,0.86243
1475004812,0.86209,0.86243
1475004817,0.86208,0.86243
1475004819,0.86208,0.8624000000000001
1475004819,0.86207,0.8624000000000001
1475004819,0.86206,0.8624000000000001
1475004819,0.86205,0.8624000000000001
1475004820,0.86206,0.8624000000000001
1475004823,0.86207,0.86242
1475004823,0.86207,0.8624000000000001
1475004823,0.86206,0.8624000000000001
1475004824,0.86207,0.8624000000000001
1475004825,0.86206,0.8624000000000001
1475004827,0.86207,0.8624000000000001
1475004842,0.86206,0.8624000000000001
1475004844,0.86205,0.8624000000000001
1475004844,0.86205,0.86239
1475004844,0.86205,0.86238
1475004847,0.86204,0.86238
1475004848,0.86203,0.86238
1475004848,0.86203,0.8623499999999999
1475004848,0.8620100000000001,0.8623499999999999
1475004848,0.86199,0.86234
1475004850,0.862,0.86234
1475004851,0.86199,0.86234
1475004852,0.862,0.86234
1475004853,0.86199,0.86234
1475004853,0.862,0.86234
1475004855,0.8620100000000001,0.8623499999999999
1475004856,0.86202,0.8623499999999999
1475004858,0.8620100000000001,0.8623499999999999
1475004860,0.86202,0.8623499999999999
1475004862,0.8620100000000001,0.8623499999999999
1475004862,0.86202,0.8623499999999999
1475004864,0.86202,0.86237
1475004864,0.86203,0.86237
1475004864,0.86202,0.86237
1475004865,0.86203,0.86237
1475004868,0.86203,0.86238
1475004868,0.86202,0.86237
1475004880,0.86202,0.8623499999999999
1475004884,0.8620100000000001,0.8623499999999999
1475004891,0.86202,0.8623499999999999
1475004893,0.862,0.86232
1475004893,0.86199,0.86232
1475004897,0.86199,0.86233
1475004897,0.86199,0.86232
1475004900,0.86199,0.86231
1475004900,0.86198,0.86231
1475004900,0.86197,0.86231
1475004900,0.8619599999999999,0.86231
1475004900,0.8619599999999999,0.8623
1475004900,0.86197,0.8623
1475004901,0.8619599999999999,0.8623
1475004904,0.86197,0.8623
1475004914,0.8619599999999999,0.8623
1475004914,0.86197,0.8623
1475004915,0.8619599999999999,0.8623
1475004916,0.8619599999999999,0.86231
1475004917,0.8619599999999999,0.8623
1475004918,0.86197,0.8623
1475004920,0.8619599999999999,0.8623
1475004920,0.8619599999999999,0.86229
1475004920,0.8619599999999999,0.86228
1475004921,0.86197,0.86228
1475004922,0.86197,0.86229
1475004922,0.8619599999999999,0.8623
1475004922,0.86197,0.86229
1475004922,0.8619599999999999,0.86229
1475004929,0.8619599999999999,0.8623
1475004929,0.86195,0.86228
1475004929,0.86194,0.86228
1475004929,0.8619599999999999,0.8623
1475004929,0.8619,0.86225
1475004930,0.8619,0.86224
1475004930,0.86189,0.86224
1475004930,0.86188,0.86222
1475004930,0.86187,0.86221
1475004931,0.86188,0.86221
1475004931,0.86187,0.86222
1475004932,0.86188,0.86222
1475004934,0.86188,0.8622300000000001
1475004934,0.8619,0.86224
1475004934,0.8619,0.8622300000000001
1475004934,0.8619,0.86224
1475004934,0.8619,0.86225
1475004935,0.86191,0.86226
1475004935,0.86191,0.86225
1475004935,0.8619,0.86225
1475004935,0.86188,0.86222
1475004935,0.86187,0.86222
1475004935,0.86188,0.86222
1475004936,0.86187,0.86221
1475004940,0.86187,0.86222
1475004942,0.86188,0.86222
1475004947,0.86189,0.86222
1475004950,0.86189,0.8622300000000001
1475004950,0.8619,0.8622300000000001
1475004950,0.86189,0.8622300000000001
1475004953,0.86188,0.86222
1475004953,0.86188,0.86221
1475004953,0.86188,0.86222
1475004953,0.86189,0.86222
1475004955,0.86189,0.8622300000000001
1475004955,0.86188,0.86222
1475004961,0.86189,0.86222
1475004965,0.86189,0.8622300000000001
1475004968,0.8619,0.8622300000000001
1475004968,0.86189,0.8622300000000001
1475004971,0.8619,0.8622300000000001
1475004971,0.86191,0.86224
1475004971,0.8619,0.86224
1475004972,0.86189,0.8622300000000001
1475004972,0.8619,0.8622300000000001
1475004973,0.86189,0.8622300000000001
1475004976,0.8619,0.86224
1475004976,0.86191,0.86224
1475004980,0.86191,0.86225
1475004980,0.86192,0.86225
1475004980,0.86191,0.86225
1475004986,0.86189,0.86225
1475004986,0.86189,0.86224
1475004986,0.86188,0.8622300000000001
1475004988,0.86188,0.86222
1475004990,0.86189,0.86222
1475004992,0.8619,0.86224
1475004992,0.86189,0.86224
1475004992,0.8619,0.86224
1475004992,0.8619,0.86225
1475004992,0.86191,0.86224
1475004992,0.86191,0.86224
1475004993,0.86191,0.86225
1475004994,0.86192,0.86225
1475004994,0.86193,0.86225
1475004994,0.86194,0.86226
1475004994,0.86195,0.86229
1475004994,0.86195,0.86228
1475004994,0.86195,0.86229
1475004994,0.8619599999999999,0.86229
1475004994,0.86195,0.86229
1475005000,0.8619599999999999,0.8623
1475005001,0.86198,0.86232
1475005002,0.86198,0.86231
1475005003,0.86197,0.86231
1475005005,0.86198,0.86231
1475005009,0.86197,0.86231
1475005023,0.86197,0.86232
1475005023,0.86197,0.86231
1475005024,0.86197,0.86232
1475005024,0.86198,0.86232
1475005027,0.86199,0.86232
1475005027,0.86198,0.86232
1475005028,0.86199,0.86233
1475005028,0.86198,0.86233
1475005028,0.86198,0.86232
1475005028,0.86199,0.86232
1475005028,0.862,0.86232
1475005028,0.86199,0.86233
1475005031,0.86198,0.86233
1475005035,0.86198,0.86233
1475005035,0.86198,0.86232
1475005035,0.86197,0.86232
1475005035,0.86197,0.86231
1475005035,0.86197,0.86232
1475005036,0.86198,0.86232
1475005036,0.86199,0.86233
1475005037,0.86198,0.86233
1475005046,0.86198,0.86232
1475005047,0.86198,0.86233
1475005052,0.86198,0.86232
1475005053,0.86199,0.86232
1475005053,0.86199,0.86233
1475005053,0.862,0.86234
1475005056,0.86197,0.86232
1475005056,0.8619599999999999,0.8623
1475005061,0.86197,0.8623
1475005068,0.8619599999999999,0.8623
1475005068,0.8619599999999999,0.86231
1475005075,0.86195,0.8623
1475005075,0.86195,0.8623
1475005075,0.86195,0.86229
1475005075,0.86194,0.86228
1475005075,0.86193,0.86228
1475005075,0.86192,0.86226
1475005075,0.86191,0.86226
1475005079,0.86192,0.86227
1475005080,0.86193,0.86227
1475005087,0.86194,0.86226
1475005087,0.86193,0.86226
1475005089,0.86192,0.86226
1475005090,0.86193,0.86226
1475005090,0.86192,0.86226
1475005094,0.86193,0.86226
1475005095,0.86192,0.86226
1475005104,0.86191,0.86225
1475005109,0.86192,0.86225
1475005109,0.86191,0.86224
1475005111,0.86192,0.86225
1475005111,0.86192,0.86225
1475005111,0.86191,0.86225
1475005111,0.86193,0.86226
1475005111,0.86192,0.86226
1475005111,0.86192,0.86227
1475005112,0.86193,0.86227
1475005112,0.86193,0.86226
1475005112,0.86191,0.86225
1475005112,0.86192,0.86225
1475005112,0.86191,0.86225
1475005112,0.86192,0.86225
1475005113,0.86191,0.86225
1475005114,0.8619,0.86225
1475005120,0.8619,0.86224
1475005123,0.86189,0.8622300000000001
1475005123,0.86188,0.8622300000000001
1475005123,0.86187,0.86222
1475005123,0.86187,0.86221
1475005123,0.8618400000000001,0.8621799999999999
1475005123,0.86183,0.86217
1475005123,0.86183,0.86217
1475005124,0.86183,0.8621799999999999
1475005124,0.8618400000000001,0.8621799999999999
1475005124,0.86183,0.8621799999999999
1475005125,0.8618400000000001,0.8621799999999999
1475005125,0.86183,0.8621799999999999
1475005132,0.86183,0.86217
1475005134,0.86182,0.86216
1475005134,0.86182,0.86215
1475005135,0.86176,0.86211
1475005135,0.86177,0.86211
1475005135,0.86177,0.86212
1475005135,0.86178,0.86212
1475005135,0.86181,0.86216
1475005135,0.8618,0.86215
1475005139,0.86181,0.86216
1475005139,0.86182,0.86216
1475005139,0.86182,0.86217
1475005140,0.86183,0.86217
1475005143,0.86182,0.86217
1475005145,0.86183,0.86217
1475005145,0.86183,0.8621799999999999
1475005146,0.86182,0.86217
1475005146,0.86182,0.86216
1475005148,0.86181,0.86216
1475005153,0.86182,0.86216
1475005153,0.86182,0.86217
1475005157,0.86181,0.86217
1475005160,0.86182,0.86217
1475005162,0.86181,0.86216
1475005162,0.86181,0.86215
1475005162,0.8617899999999999,0.86213
1475005162,0.8618,0.86214
1475005162,0.8617899999999999,0.86214
1475005162,0.8618,0.86213
1475005162,0.8618,0.86214
1475005162,0.8618,0.86215
1475005162,0.86182,0.86217
1475005163,0.86183,0.86217
1475005163,0.8618400000000001,0.8621799999999999
1475005163,0.86185,0.86219
1475005166,0.86185,0.8622
1475005170,0.86186,0.8622
1475005170,0.86186,0.86221
1475005172,0.86187,0.86221
1475005180,0.86187,0.86222
1475005180,0.86189,0.8622300000000001
1475005180,0.86192,0.86226
1475005180,0.86192,0.86228
1475005180,0.86192,0.86226
1475005180,0.86194,0.86228
1475005200,0.86194,0.86227
1475005200,0.86194,0.86228
1475005200,0.86195,0.86229
1475005200,0.86195,0.8623
1475005201,0.8619599999999999,0.8623
1475005201,0.8619599999999999,0.86229
1475005201,0.8619599999999999,0.8623
1475005202,0.86197,0.86231
1475005202,0.86197,0.86232
1475005202,0.86198,0.86232
1475005208,0.86198,0.86233
1475005209,0.86199,0.86233
1475005209,0.862,0.86233
1475005209,0.862,0.86234
1475005209,0.8620100000000001,0.8623499999999999
1475005214,0.86203,0.86237
1475005214,0.86204,0.86239
1475005215,0.86204,0.86238
1475005218,0.86204,0.86238
1475005218,0.86204,0.86238
1475005221,0.86205,0.86239
1475005228,0.86204,0.86238
1475005240,0.86205,0.86238
1475005240,0.86205,0.86237
1475005246,0.86205,0.86238
1475005246,0.86205,0.86237
1475005247,0.86205,0.86238
1475005254,0.86205,0.86237
1475005254,0.86205,0.86238
1475005261,0.86205,0.86239
1475005261,0.86205,0.86238
1475005285,0.86205,0.86239
1475005292,0.86205,0.8624000000000001
1475005293,0.86206,0.8624000000000001
1475005293,0.86205,0.8624000000000001
1475005295,0.86205,0.86239
1475005297,0.86205,0.86238
1475005303,0.86205,0.86237
1475005306,0.86205,0.8623499999999999
1475005308,0.86205,0.86237
1475005320,0.86205,0.86238
1475005320,0.86205,0.86237
1475005327,0.86205,0.86238
1475005327,0.86205,0.86237
1475005328,0.86203,0.86237
1475005328,0.86203,0.86238
1475005328,0.86203,0.86237
1475005331,0.86203,0.86238
1475005332,0.86203,0.86237
1475005333,0.86204,0.86237
1475005334,0.86203,0.86237
1475005336,0.86203,0.86237
1475005338,0.86203,0.8623499999999999
1475005339,0.86203,0.86237
1475005339,0.86203,0.86238
1475005339,0.86205,0.86238
1475005339,0.86205,0.86239
1475005340,0.86205,0.86239
1475005341,0.86205,0.86238
1475005341,0.86205,0.86237
1475005345,0.86203,0.8623499999999999
1475005345,0.86203,0.8623499999999999
1475005345,0.862,0.86233
1475005345,0.8620100000000001,0.86233
1475005345,0.8620100000000001,0.86234
1475005345,0.862,0.86234
1475005345,0.862,0.86233
1475005367,0.862,0.86233
1475005369,0.862,0.86232
1475005369,0.86199,0.86231
1475005369,0.86199,0.86232
1475005370,0.86199,0.86232
1475005370,0.86199,0.86231
1475005374,0.86199,0.86232
1475005374,0.86199,0.86233
1475005374,0.86199,0.86232
1475005377,0.86199,0.86233
1475005377,0.86199,0.86234
1475005380,0.86199,0.86233
1475005383,0.86199,0.86234
1475005388,0.862,0.86234
1475005388,0.86199,0.86234
1475005390,0.862,0.86234
1475005391,0.86199,0.86234
1475005393,0.86199,0.86233
1475005396,0.862,0.86234
1475005397,0.862,0.86233
1475005401,0.8620100000000001,0.8623499999999999
1475005401,0.86203,0.86237
1475005401,0.86203,0.8623499999999999
1475005406,0.86202,0.8623499999999999
1475005407,0.86202,0.86234
1475005413,0.86202,0.8623499999999999
1475005418,0.86202,0.8623499999999999
1475005418,0.86202,0.8623499999999999
1475005418,0.86202,0.86234
1475005420,0.86202,0.8623499999999999
1475005425,0.8620100000000001,0.8623499999999999
1475005425,0.8620100000000001,0.86234
1475005425,0.8620100000000001,0.8623499999999999
1475005427,0.8620100000000001,0.86234
1475005427,0.8620100000000001,0.86234
1475005431,0.8620100000000001,0.8623499999999999
1475005433,0.8620100000000001,0.86234
1475005433,0.86199,0.86233
1475005438,0.86199,0.86234
1475005438,0.8620100000000001,0.8623499999999999
1475005439,0.86202,0.86237
1475005441,0.86202,0.8623499999999999
1475005442,0.8620100000000001,0.8623499999999999
1475005442,0.8620100000000001,0.86234
1475005442,0.86199,0.86232
1475005442,0.86199,0.86233
1475005452,0.86199,0.86232
1475005454,0.86199,0.86233
1475005455,0.86199,0.86234
1475005455,0.86199,0.86233
1475005456,0.86199,0.86234
1475005456,0.86199,0.8623499999999999
1475005457,0.8620100000000001,0.8623499999999999
1475005457,0.86202,0.8623499999999999
1475005458,0.86202,0.86237
1475005458,0.86203,0.86237
1475005459,0.86203,0.8623499999999999
1475005460,0.86203,0.86237
1475005460,0.86203,0.8623499999999999
1475005460,0.86203,0.86237
1475005468,0.86203,0.8623499999999999
1475005468,0.86202,0.8623499999999999
1475005476,0.86202,0.86234
1475005477,0.86202,0.8623499999999999
1475005477,0.8620100000000001,0.86234
1475005478,0.862,0.86231
1475005478,0.86198,0.86231
1475005485,0.86198,0.8623
1475005485,0.86198,0.86231
1475005495,0.86198,0.8623
1475005495,0.86198,0.86231
1475005495,0.86198,0.8623
1475005496,0.86198,0.8623
1475005497,0.86198,0.86231
1475005497,0.86199,0.86231
1475005497,0.86199,0.86232
1475005500,0.86199,0.86231
1475005501,0.86199,0.86232
1475005501,0.86199,0.86231
1475005501,0.86199,0.86232
1475005501,0.86199,0.86233
1475005502,0.86199,0.86232
1475005502,0.86198,0.86232
1475005506,0.86198,0.86231
1475005507,0.86198,0.86232
1475005509,0.86198,0.86231
1475005511,0.86198,0.86232
1475005512,0.86199,0.86233
1475005513,0.86199,0.86232
1475005513,0.86199,0.86233
1475005514,0.86199,0.86233
1475005517,0.86199,0.86232
1475005517,0.86198,0.86232
1475005517,0.86199,0.86232
1475005517,0.86198,0.86232
1475005519,0.86198,0.86231
1475005519,0.86197,0.86231
1475005519,0.8619599999999999,0.86231
1475005519,0.8619599999999999,0.8623
1475005520,0.8619599999999999,0.86231
1475005520,0.8619599999999999,0.8623
1475005521,0.86197,0.8623
1475005526,0.86197,0.86231
1475005528,0.86197,0.8623
1475005531,0.86197,0.86231
1475005531,0.86197,0.86231
1475005536,0.86199,0.86233
1475005540,0.862,0.86233
1475005546,0.862,0.86232
1475005547,0.862,0.86231
1475005550,0.86199,0.86231
1475005551,0.86199,0.86232
1475005553,0.86199,0.86233
1475005553,0.86199,0.86232
1475005554,0.86199,0.86232
1475005560,0.86199,0.86233
1475005561,0.86199,0.86232
1475005562,0.86199,0.86233
1475005565,0.86199,0.86233
1475005566,0.86199,0.86234
1475005570,0.86199,0.86233
1475005571,0.86199,0.86232
1475005574,0.86199,0.86233
1475005574,0.86199,0.86234
1475005574,0.8620100000000001,0.86234
1475005574,0.862,0.86234
1475005574,0.862,0.86233
1475005602,0.862,0.86234
1475005602,0.8620100000000001,0.86234
1475005603,0.8620100000000001,0.8623499999999999
1475005603,0.86202,0.8623499999999999
1475005605,0.86202,0.8623499999999999
1475005605,0.86202,0.8623499999999999
1475005605,0.86202,0.86234
1475005605,0.86202,0.86234
1475005605,0.8619599999999999,0.86229
1475005606,0.8619599999999999,0.8623
1475005606,0.86197,0.8623
1475005606,0.86197,0.86229
1475005606,0.862,0.86234
1475005606,0.86199,0.86232
1475005606,0.8619599999999999,0.8623
1475005608,0.86195,0.8623
1475005609,0.86195,0.86229
1475005623,0.86195,0.8623
1475005624,0.86195,0.86231
1475005624,0.86195,0.8623
1475005624,0.86195,0.86231
1475005624,0.8619599999999999,0.86231
1475005624,0.86198,0.86231
1475005624,0.862,0.8623499999999999
1475005624,0.862,0.8623499999999999
1475005627,0.86202,0.8623499999999999
1475005627,0.86202,0.86237
1475005627,0.86203,0.86237
1475005628,0.86202,0.86237
1475005628,0.86202,0.8623499999999999
1475005628,0.8620100000000001,0.8623499999999999
1475005628,0.86202,0.8623499999999999
1475005629,0.86202,0.86237
1475005629,0.86202,0.8623499999999999
1475005631,0.8620100000000001,0.8623499999999999
1475005631,0.8620100000000001,0.86234
1475005633,0.8620100000000001,0.8623499999999999
1475005633,0.8620100000000001,0.86234
1475005633,0.8620100000000001,0.8623499999999999
1475005634,0.862,0.8623499999999999
1475005634,0.862,0.86234
1475005637,0.86199,0.86234
1475005637,0.86199,0.86233
1475005638,0.86199,0.86233
1475005638,0.86199,0.86234
1475005638,0.862,0.86234
1475005638,0.8620100000000001,0.86234
1475005638,0.862,0.8623499999999999
1475005643,0.862,0.86234
1475005647,0.862,0.8623499999999999
1475005647,0.8620100000000001,0.8623499999999999
1475005647,0.86202,0.8623499999999999
1475005647,0.86206,0.86239
1475005648,0.86205,0.86239
1475005648,0.86206,0.86239
1475005648,0.86206,0.8624000000000001
1475005649,0.86207,0.8624000000000001
1475005649,0.86206,0.8624000000000001
1475005649,0.86205,0.86238
1475005649,0.86204,0.86238
1475005649,0.86202,0.86237
1475005649,0.86202,0.8623499999999999
1475005649,0.86202,0.86237
1475005650,0.86202,0.8623499999999999
1475005650,0.8620100000000001,0.86237
1475005650,0.86202,0.86237
1475005656,0.86203,0.86237
1475005664,0.86204,0.86238
1475005664,0.86204,0.86237
1475005664,0.86204,0.86239
1475005665,0.86205,0.86238
1475005665,0.86205,0.86239
1475005665,0.86204,0.86239
1475005668,0.86205,0.86239
1475005669,0.86204,0.86238
1475005669,0.86204,0.86239
1475005676,0.86204,0.86238
1475005682,0.86204,0.86237
1475005682,0.86204,0.8623499999999999
1475005682,0.86204,0.86237
1475005683,0.86204,0.8623499999999999
1475005686,0.86204,0.86237
1475005686,0.86204,0.86238
1475005686,0.86205,0.86238
1475005686,0.86205,0.86239
1475005687,0.86204,0.86239
1475005687,0.86204,0.86238
1475005695,0.86204,0.86239
1475005695,0.86204,0.86238
1475005696,0.86205,0.86239
1475005696,0.86206,0.8624000000000001
1475005697,0.86206,0.86239
1475005699,0.86206,0.8624000000000001
1475005704,0.86205,0.8624000000000001
1475005704,0.86205,0.86239
1475005705,0.86205,0.8624000000000001
1475005706,0.86205,0.86239
1475005706,0.86205,0.8624000000000001
1475005708,0.86206,0.8624000000000001
1475005711,0.86206,0.86239
1475005714,0.86206,0.8624000000000001
1475005719,0.86206,0.8624000000000001
1475005719,0.86208,0.8624000000000001
1475005719,0.8621,0.86242
1475005719,0.8621,0.86244
1475005719,0.8621,0.86243
1475005721,0.8621,0.86243
1475005722,0.86209,0.86243
1475005723,0.8621,0.86242
1475005723,0.8621,0.86243
1475005723,0.86209,0.86242
1475005724,0.8621,0.86242
1475005724,0.8621,0.86243
1475005724,0.8621,0.86242
1475005724,0.8621,0.86243
1475005725,0.8621,0.86244
1475005726,0.8621,0.86243
1475005727,0.86209,0.86243
1475005728,0.8621,0.86243
1475005728,0.86209,0.86243
1475005728,0.86209,0.86244
1475005730,0.8621,0.86244
1475005730,0.8621,0.86243
1475005731,0.8621,0.86244
1475005733,0.8621,0.86243
1475005733,0.8621,0.86244
1475005733,0.8621,0.86243
1475005735,0.8621,0.86244
1475005736,0.8621,0.86243
1475005740,0.8621,0.86244
1475005740,0.86212,0.86244
1475005740,0.86211,0.86244
1475005740,0.86211,0.86243
1475005741,0.86211,0.86244
1475005743,0.86211,0.86243
1475005744,0.86211,0.86244
1475005744,0.86212,0.86245
1475005744,0.86212,0.86244
1475005744,0.86212,0.86245
1475005748,0.86212,0.86244
1475005748,0.86211,0.86244
1475005748,0.86211,0.86243
1475005748,0.8621,0.86244
1475005748,0.8621,0.86243
1475005748,0.8621,0.86242
1475005750,0.8621,0.86243
1475005754,0.8621,0.86244
1475005754,0.86211,0.86244
1475005754,0.86211,0.86245
1475005758,0.86211,0.86244
1475005758,0.86211,0.86245
1475005758,0.86212,0.86245
1475005779,0.86213,0.86245
1475005779,0.86213,0.86245
1475005779,0.86212,0.86245
1475005779,0.86212,0.86244
1475005784,0.86212,0.86244
1475005784,0.86212,0.86244
1475005784,0.86212,0.86245
1475005784,0.86212,0.86244
1475005785,0.8621,0.86243
1475005786,0.8621,0.86244
1475005786,0.8621,0.86245
1475005786,0.86212,0.86245
1475005798,0.86212,0.86245
1475005799,0.86212,0.86244
1475005800,0.86212,0.86243
1475005800,0.8621,0.86243
1475005801,0.86211,0.86243
1475005801,0.86211,0.86244
1475005801,0.8621,0.86244
1475005801,0.8621,0.86245
1475005801,0.8621,0.86244
1475005802,0.8621,0.86245
1475005802,0.86211,0.86245
1475005821,0.86212,0.86245
1475005823,0.86212,0.86244
1475005823,0.86211,0.86244
1475005823,0.86211,0.86245
1475005823,0.8621,0.86245
1475005824,0.8621,0.86244
1475005828,0.8621,0.86244
1475005835,0.8621,0.86243
1475005836,0.8621,0.86244
1475005836,0.8621,0.86245
1475005836,0.86211,0.86245
1475005836,0.8621,0.86245
1475005836,0.86211,0.86245
1475005836,0.8621,0.86245
1475005838,0.8621,0.86244
1475005839,0.8621,0.86245
1475005839,0.8621,0.8624000000000001
1475005839,0.86207,0.8624000000000001
1475005839,0.86206,0.8624000000000001
1475005840,0.86204,0.86239
1475005841,0.86207,0.8624000000000001
1475005849,0.86208,0.86242
1475005853,0.86207,0.86242
1475005854,0.86208,0.86242
1475005866,0.86209,0.86242
1475005866,0.86209,0.86243
1475005868,0.86208,0.86243
1475005868,0.86209,0.86244
1475005869,0.8621,0.86244
1475005870,0.8621,0.86245
1475005874,0.86211,0.86245
1475005890,0.8621,0.86245
1475005892,0.86211,0.86245
1475005902,0.86212,0.86245
1475005902,0.86211,0.86245
1475005902,0.86212,0.86245
1475005911,0.86211,0.86245
1475005916,0.86212,0.86245
1475005920,0.86211,0.86245
1475005921,0.86212,0.86245
1475005921,0.86211,0.86245
1475005922,0.86211,0.86244
1475005922,0.86211,0.8624000000000001
1475005922,0.86205,0.86238
1475005922,0.86205,0.86238
1475005922,0.86205,0.86238
1475005924,0.86205,0.8624000000000001
1475005924,0.86206,0.8624000000000001
1475005925,0.86205,0.8624000000000001
1475005925,0.86205,0.86239
1475005925,0.86205,0.8624000000000001
1475005926,0.86205,0.86238
1475005926,0.86205,0.86239
1475005927,0.86205,0.86237
1475005927,0.86204,0.86237
1475005929,0.86204,0.8623499999999999
1475005929,0.86204,0.86237
1475005933,0.86204,0.86238
1475005939,0.86203,0.86238
1475005942,0.86202,0.8623499999999999
1475005942,0.86202,0.8623499999999999
1475005942,0.86202,0.86234
1475005943,0.86202,0.8623499999999999
1475005943,0.86202,0.86237
1475005946,0.86202,0.8623499999999999
1475005956,0.86204,0.86237
1475005956,0.86204,0.86238
1475005956,0.86204,0.86239
1475005964,0.86203,0.86238
1475005968,0.86203,0.86237
1475005976,0.86203,0.86238
1475005976,0.86203,0.86237
1475005976,0.86203,0.8623499999999999
1475005978,0.8620100000000001,0.8623499999999999
1475005979,0.862,0.8623499999999999
1475005979,0.862,0.86234
1475005979,0.862,0.8623499999999999
1475005982,0.862,0.86234
1475005982,0.862,0.8623499999999999
1475005982,0.862,0.86234
1475005983,0.862,0.8623499999999999
1475005985,0.862,0.86234
1475005987,0.862,0.8623499999999999
1475005988,0.8620100000000001,0.8623499999999999
1475005988,0.862,0.8623499999999999
1475005992,0.8620100000000001,0.8623499999999999
1475005992,0.86202,0.86237
1475005994,0.86204,0.86237
1475005994,0.86204,0.86238
1475005994,0.86204,0.86237
1475006000,0.86204,0.86238
1475006000,0.86205,0.8624000000000001
1475006000,0.86206,0.8624000000000001
1475006006,0.86205,0.8624000000000001
1475006007,0.86207,0.8624000000000001
1475006017,0.86207,0.86242
1475006017,0.86207,0.8624000000000001
1475006019,0.86206,0.8624000000000001
1475006019,0.86207,0.8624000000000001
1475006019,0.86208,0.86242
1475006019,0.86209,0.86244
1475006028,0.8621,0.86245
1475006028,0.8621,0.86245
1475006028,0.86211,0.86245
1475006028,0.86211,0.86244
1475006028,0.86211,0.86245
1475006030,0.8621,0.86245
1475006036,0.8621,0.86244
1475006037,0.8621,0.86245
1475006037,0.8621,0.86244
1475006038,0.8621,0.86244
1475006039,0.8621,0.86243
1475006039,0.8621,0.86243
1475006039,0.8621,0.86244
1475006041,0.8621,0.86245
1475006042,0.8621,0.86244
1475006047,0.8621,0.86245
1475006047,0.86211,0.86245
1475006049,0.8621,0.86245
1475006049,0.8621,0.86244
1475006049,0.86209,0.86244
1475006049,0.86209,0.86243
1475006054,0.86209,0.86244
1475006055,0.86209,0.86243
1475006055,0.86209,0.86242
1475006055,0.86209,0.86244
1475006056,0.8621,0.86243
1475006056,0.8621,0.86242
1475006056,0.86209,0.86242
1475006057,0.86209,0.8624000000000001
1475006057,0.86209,0.86243
1475006058,0.8621,0.86243
1475006058,0.8621,0.86244
1475006058,0.8621,0.86243
1475006058,0.8621,0.86244
1475006059,0.8621,0.86245
1475006059,0.86211,0.86245
1475006062,0.86212,0.86245
1475006063,0.86212,0.86247
1475006063,0.86214,0.86247
1475006063,0.86215,0.86249
1475006063,0.86215,0.86248
1475006063,0.86215,0.86249
1475006064,0.86215,0.8625
1475006069,0.86215,0.86249
1475006070,0.86215,0.86248
1475006076,0.86215,0.86249
1475006076,0.86216,0.8625
1475006082,0.86217,0.8625
1475006084,0.8621799999999999,0.8625
1475006084,0.8621799999999999,0.86252
1475006088,0.8621799999999999,0.8625
1475006095,0.8621799999999999,0.86252
1475006103,0.8621799999999999,0.8625
1475006103,0.8621799999999999,0.86249
1475006104,0.86214,0.86245
1475006105,0.86213,0.86245
1475006105,0.86211,0.86244
1475006105,0.86211,0.86245
1475006107,0.86211,0.86244
1475006108,0.86211,0.86245
1475006109,0.86211,0.86244
1475006116,0.86211,0.86245
1475006120,0.86211,0.86244
1475006122,0.86211,0.86245
1475006123,0.86212,0.86245
1475006132,0.86211,0.86244
1475006132,0.86211,0.86245
1475006138,0.86212,0.86245
1475006143,0.86214,0.86248
1475006145,0.86214,0.86249
1475006147,0.86214,0.86248
1475006152,0.86214,0.86249
1475006152,0.86214,0.86248
1475006154,0.86214,0.86249
1475006156,0.86214,0.86248
1475006156,0.86214,0.86249
1475006160,0.86214,0.86248
1475006160,0.86214,0.86247
1475006160,0.86214,0.86248
1475006163,0.86215,0.86248
1475006163,0.86215,0.86249
1475006163,0.86216,0.86249
1475006176,0.86215,0.86249
1475006194,0.86215,0.86248
1475006196,0.86216,0.86248
1475006197,0.86215,0.86247
1475006197,0.86211,0.86245
1475006197,0.86211,0.86245
1475006197,0.86211,0.86244
1475006197,0.8621,0.86244
1475006197,0.8621,0.86244
1475006197,0.8621,0.86244
1475006198,0.8621,0.86243
1475006201,0.8621,0.86244
1475006204,0.8621,0.86243
1475006215,0.8621,0.86244
1475006225,0.8621,0.86245
1475006226,0.8621,0.86244
1475006227,0.8621,0.86243
1475006227,0.86209,0.86243
1475006235,0.86209,0.86244
1475006238,0.86209,0.86243
1475006239,0.86211,0.86244
1475006240,0.86212,0.86245
1475006240,0.86211,0.86245
1475006250,0.86211,0.86244
1475006250,0.86211,0.86245
1475006250,0.86212,0.86245
1475006250,0.86213,0.86245
1475006251,0.86214,0.86247
1475006251,0.86213,0.86247
1475006255,0.86213,0.86248
1475006255,0.86213,0.86247
1475006255,0.86213,0.86248
1475006256,0.86214,0.86248
1475006256,0.86214,0.86247
1475006261,0.86214,0.86248
1475006261,0.86214,0.86249
1475006261,0.86214,0.86247
1475006262,0.86214,0.86248
1475006262,0.86214,0.86249
1475006262,0.86215,0.86249
1475006262,0.86215,0.86248
1475006263,0.86216,0.86249
1475006263,0.8621799999999999,0.86249
1475006267,0.86217,0.86249
1475006267,0.8621799999999999,0.86249
1475006267,0.86217,0.86249
1475006267,0.8621799999999999,0.86249
1475006268,0.86219,0.8625
1475006269,0.86217,0.8625
1475006269,0.86217,0.86248
1475006269,0.86216,0.86248
1475006269,0.86216,0.86247
1475006269,0.86216,0.86248
1475006269,0.86216,0.86247
1475006270,0.86215,0.86247
1475006270,0.86215,0.86245
1475006270,0.86214,0.86245
1475006270,0.86214,0.86247
1475006270,0.86214,0.86245
1475006273,0.86214,0.86248
1475006273,0.86214,0.86247
1475006273,0.86214,0.86248
1475006274,0.86214,0.86247
1475006275,0.86214,0.86248
1475006275,0.86215,0.86248
1475006275,0.86216,0.86248
1475006277,0.86216,0.86249
1475006279,0.86216,0.86248
1475006280,0.86215,0.86248
1475006280,0.86214,0.86248
1475006281,0.86213,0.86247
1475006281,0.86213,0.86245
1475006281,0.86214,0.86247
1475006281,0.86214,0.86245
1475006281,0.86212,0.86245
1475006281,0.86212,0.86244
1475006284,0.86212,0.86243
1475006286,0.86209,0.86243
1475006287,0.86209,0.86244
1475006287,0.86209,0.86243
1475006288,0.86208,0.86243
1475006288,0.86208,0.86242
1475006289,0.86208,0.8624000000000001
1475006289,0.86208,0.86242
1475006290,0.86208,0.8624000000000001
1475006290,0.86207,0.8624000000000001
1475006291,0.86207,0.86242
1475006292,0.86209,0.86243
1475006292,0.86209,0.86244
1475006292,0.86209,0.86243
1475006293,0.86209,0.86244
1475006293,0.86208,0.86242
1475006294,0.86207,0.86242
1475006295,0.86208,0.86242
1475006296,0.86209,0.86243
1475006296,0.86208,0.86242
1475006296,0.86209,0.86243
1475006296,0.86209,0.86244
1475006296,0.86209,0.86243
1475006296,0.86209,0.86244
1475006296,0.86209,0.86243
1475006297,0.86209,0.86243
1475006297,0.86209,0.86244
1475006298,0.86209,0.86243
1475006298,0.86209,0.86244
1475006300,0.86211,0.86245
1475006301,0.8621,0.86244
1475006302,0.8621,0.86245
1475006302,0.8621,0.86244
1475006304,0.86209,0.86244
1475006305,0.86209,0.86242
1475006305,0.86206,0.8624000000000001
1475006306,0.86206,0.86239
1475006307,0.86206,0.8624000000000001
1475006308,0.86206,0.86239
1475006308,0.86206,0.86239
1475006308,0.86205,0.8624000000000001
1475006310,0.86206,0.8624000000000001
1475006311,0.86206,0.86239
1475006311,0.86205,0.86239
1475006313,0.86206,0.86239
1475006314,0.86206,0.8624000000000001
1475006314,0.86206,0.86239
1475006314,0.86206,0.8624000000000001
1475006316,0.86206,0.86239
1475006317,0.86206,0.8624000000000001
1475006318,0.86205,0.86239
1475006319,0.86206,0.86239
1475006320,0.86206,0.8624000000000001
1475006323,0.86206,0.86242
1475006324,0.86207,0.86242
1475006324,0.86208,0.86242
1475006326,0.86207,0.86242
1475006327,0.8621,0.86243
1475006328,0.86212,0.86244
1475006329,0.8621,0.86245
1475006329,0.8621,0.86243
1475006329,0.86209,0.86243
1475006329,0.86207,0.8624000000000001
1475006329,0.86207,0.8624000000000001
1475006329,0.86206,0.8624000000000001
1475006332,0.86207,0.8624000000000001
1475006333,0.86206,0.8624000000000001
1475006333,0.86208,0.8624000000000001
1475006333,0.86206,0.8624000000000001
1475006333,0.86207,0.8624000000000001
1475006334,0.86208,0.8624000000000001
1475006334,0.86207,0.8624000000000001
1475006336,0.86206,0.8624000000000001
1475006337,0.86206,0.86239
1475006337,0.86205,0.86239
1475006340,0.86204,0.86239
1475006340,0.86204,0.86237
1475006340,0.86204,0.86239
1475006340,0.86204,0.86238
1475006340,0.86203,0.86238
1475006340,0.86204,0.86238
1475006342,0.86204,0.86239
1475006342,0.86205,0.86239
1475006342,0.86204,0.8624000000000001
1475006342,0.86206,0.8624000000000001
1475006342,0.86206,0.86239
1475006342,0.86205,0.86239
1475006343,0.86205,0.8624000000000001
1475006343,0.86205,0.86239
1475006344,0.86205,0.86239
1475006344,0.86205,0.86239
1475006345,0.86205,0.86239
1475006345,0.86203,0.86239
1475006346,0.86203,0.86237
1475006346,0.86202,0.86237
1475006346,0.86203,0.86237
1475006346,0.86202,0.86237
1475006346,0.8620100000000001,0.86237
1475006346,0.86203,0.86237
1475006346,0.8620100000000001,0.86237
1475006347,0.86202,0.86237
1475006349,0.8620100000000001,0.86237
1475006349,0.86202,0.86238
1475006349,0.86202,0.86237
1475006350,0.86202,0.86238
1475006350,0.86202,0.86237
1475006350,0.86202,0.8623499999999999
1475006350,0.86197,0.86233
1475006350,0.86197,0.86231
1475006351,0.86197,0.86232
1475006354,0.8619599999999999,0.8623
1475006354,0.8619599999999999,0.86229
1475006354,0.86191,0.86226
1475006354,0.86192,0.86226
1475006354,0.86191,0.86226
1475006354,0.86192,0.86226
1475006355,0.86192,0.86227
1475006355,0.86192,0.86226
1475006356,0.86191,0.86226
1475006356,0.86192,0.86226
1475006357,0.86191,0.86226
1475006357,0.86192,0.86226
1475006357,0.86191,0.86226
1475006358,0.86192,0.86226
1475006358,0.86192,0.86227
1475006361,0.86192,0.86226
1475006361,0.86193,0.86227
1475006363,0.86192,0.86227
1475006363,0.86193,0.86227
1475006363,0.86194,0.86228
1475006363,0.86197,0.86232
1475006363,0.86198,0.86232
1475006366,0.86197,0.86231
1475006366,0.86197,0.86231
1475006366,0.86198,0.86232
1475006366,0.8619599999999999,0.86232
1475006366,0.86197,0.86231
1475006366,0.8619599999999999,0.86231
1475006366,0.86197,0.86231
1475006367,0.86197,0.86232
1475006367,0.8619599999999999,0.86232
1475006367,0.8619599999999999,0.8623
1475006368,0.86197,0.86231
1475006368,0.86199,0.86231
1475006369,0.86199,0.86234
1475006369,0.86199,0.86232
1475006369,0.86199,0.86233
1475006369,0.86198,0.86234
1475006370,0.86198,0.86233
1475006371,0.86199,0.86234
1475006373,0.862,0.86234
1475006373,0.862,0.86234
1475006374,0.862,0.8623499999999999
1475006374,0.862,0.86234
1475006375,0.86199,0.86234
1475006376,0.862,0.86234
1475006377,0.862,0.86233
1475006378,0.86202,0.86234
1475006381,0.86202,0.8623499999999999
1475006386,0.86202,0.86237
1475006386,0.86203,0.86237
1475006386,0.86202,0.86237
1475006386,0.86202,0.8623499999999999
1475006386,0.862,0.8623499999999999
1475006386,0.86199,0.86234
1475006387,0.862,0.86234
1475006391,0.862,0.8623499999999999
1475006391,0.8620100000000001,0.8623499999999999
1475006392,0.86203,0.86237
1475006392,0.86205,0.86237
1475006393,0.86205,0.8623499999999999
1475006393,0.86205,0.86237
1475006395,0.86208,0.86238
1475006395,0.86209,0.8624000000000001
1475006395,0.86205,0.8624000000000001
1475006395,0.86208,0.8624000000000001
1475006395,0.86206,0.8624000000000001
1475006395,0.86207,0.8624000000000001
1475006400,0.86206,0.86238
1475006400,0.86203,0.86238
1475006400,0.86204,0.86238
1475006400,0.86203,0.86238
1475006401,0.86203,0.86237
1475006401,0.86203,0.86238
1475006401,0.86203,0.86239
1475006401,0.86203,0.86238
1475006402,0.86203,0.86239
1475006402,0.86203,0.86238
1475006402,0.86202,0.8623499999999999
1475006402,0.86202,0.8623499999999999
1475006402,0.862,0.86234
1475006402,0.862,0.8623499999999999
1475006403,0.8620100000000001,0.8623499999999999
1475006403,0.862,0.8623499999999999
1475006409,0.8620100000000001,0.8623499999999999
1475006409,0.862,0.8623499999999999
1475006410,0.862,0.86234
1475006411,0.86199,0.86234
1475006412,0.86199,0.86234
1475006415,0.86199,0.86233
1475006415,0.86199,0.86234
1475006415,0.86199,0.86233
1475006416,0.86199,0.86234
1475006418,0.86199,0.8623499999999999
1475006418,0.862,0.8623499999999999
1475006423,0.862,0.86234
1475006423,0.862,0.8623499999999999
1475006423,0.862,0.86234
1475006424,0.8620100000000001,0.86237
1475006424,0.8620100000000001,0.86237
1475006424,0.86202,0.8623499999999999
1475006424,0.86202,0.86238
1475006424,0.86203,0.86238
1475006424,0.86203,0.86239
1475006424,0.86205,0.86239
1475006424,0.86205,0.8624000000000001
1475006426,0.86206,0.86242
1475006427,0.86207,0.86242
1475006427,0.86206,0.86242
1475006428,0.86208,0.86242
1475006428,0.86208,0.86243
1475006429,0.86208,0.86242
1475006429,0.86208,0.86243
1475006435,0.86208,0.86244
1475006435,0.86209,0.86244
1475006436,0.86208,0.86242
1475006437,0.86207,0.86242
1475006442,0.86206,0.8624000000000001
1475006442,0.86206,0.8624000000000001
1475006463,0.86205,0.8624000000000001
1475006463,0.86206,0.8624000000000001
1475006465,0.86205,0.8624000000000001
1475006465,0.86206,0.8624000000000001
1475006466,0.86205,0.8624000000000001
1475006466,0.86205,0.86239
1475006466,0.86204,0.86239
1475006466,0.86204,0.8624000000000001
1475006466,0.86204,0.86239
1475006466,0.86203,0.86239
1475006466,0.86203,0.86238
1475006468,0.86203,0.86237
1475006473,0.86203,0.86238
1475006474,0.86203,0.86237
1475006474,0.86202,0.86237
1475006474,0.86202,0.86237
1475006475,0.8620100000000001,0.8623499999999999
1475006475,0.8620100000000001,0.8623499999999999
1475006475,0.862,0.8623499999999999
1475006479,0.862,0.86234
1475006479,0.86199,0.86234
1475006480,0.86199,0.86233
1475006480,0.86197,0.86233
1475006480,0.86197,0.86234
1475006481,0.86197,0.86232
1475006482,0.8619599999999999,0.86232
1475006485,0.8619599999999999,0.86231
1475006485,0.8619599999999999,0.8623
1475006485,0.8619599999999999,0.86231
1475006491,0.86195,0.86231
1475006491,0.86195,0.8623
1475006505,0.8619599999999999,0.86232
1475006505,0.86197,0.86232
1475006507,0.86198,0.86233
1475006507,0.86199,0.86233
1475006507,0.86198,0.86232
1475006507,0.86198,0.86232
1475006508,0.86198,0.86233
1475006514,0.86199,0.86234
1475006515,0.86198,0.86234
1475006518,0.86199,0.86234
1475006519,0.86198,0.86234
1475006519,0.86199,0.86234
1475006527,0.86198,0.86234
1475006538,0.86198,0.86233
1475006538,0.86198,0.86232
1475006544,0.86197,0.86232
1475006544,0.8619599999999999,0.86231
1475006544,0.86195,0.86231
1475006544,0.86195,0.8623
1475006544,0.86194,0.8623
1475006544,0.86193,0.86229
1475006545,0.86194,0.86229
1475006549,0.86194,0.86228
1475006549,0.86194,0.8623
1475006556,0.86194,0.86229
1475006556,0.86194,0.86228
1475006559,0.86195,0.86228
1475006559,0.8619599999999999,0.8623
1475006559,0.86195,0.8623
1475006559,0.8619599999999999,0.86231
1475006567,0.8619599999999999,0.8623
1475006576,0.8619599999999999,0.86231
1475006603,0.86195,0.86231
1475006603,0.8619599999999999,0.86231
1475006614,0.86197,0.86231
1475006623,0.8619599999999999,0.86231
1475006629,0.8619599999999999,0.86232
1475006630,0.8619599999999999,0.86231
1475006634,0.8619599999999999,0.86232
1475006634,0.8619599999999999,0.86231
1475006655,0.8619599999999999,0.86232
1475006700,0.8619599999999999,0.86232
1475006700,0.8619599999999999,0.86231
1475006701,0.86195,0.86231
1475006703,0.8619599999999999,0.86231
1475006710,0.86195,0.8623
1475006714,0.86195,0.86229
1475006715,0.86195,0.86228
1475006715,0.86193,0.86228
1475006721,0.86193,0.86229
1475006723,0.86192,0.86229
1475006723,0.86192,0.86228
1475006724,0.86194,0.86229
1475006724,0.86194,0.86229
1475006725,0.86195,0.8623
1475006729,0.86195,0.86231
1475006729,0.86195,0.8623
1475006732,0.86195,0.86231
1475006734,0.86197,0.86232
1475006734,0.86197,0.86232
1475006734,0.86197,0.86231
1475006739,0.86197,0.8623
1475006739,0.8619599999999999,0.8623
1475006754,0.86197,0.8623
1475006769,0.86195,0.8623
1475006770,0.86194,0.8623
1475006770,0.86194,0.86228
1475006777,0.86194,0.86229
1475006790,0.86193,0.86229
1475006794,0.86193,0.86228
1475006803,0.86193,0.86229
1475006803,0.86193,0.86228
1475006821,0.86193,0.86229
1475006822,0.86193,0.86228
1475006823,0.86192,0.86228
1475006823,0.86192,0.86226
1475006823,0.86191,0.86226
1475006825,0.86191,0.86225
1475006825,0.8619,0.86225
1475006825,0.8619,0.86226
1475006825,0.86191,0.86226
1475006834,0.86191,0.86227
1475006834,0.86191,0.86226
1475006835,0.86191,0.86227
1475006843,0.86192,0.86227
1475006854,0.86191,0.86225
1475006854,0.86191,0.86227
1475006854,0.86191,0.86225
1475006854,0.86191,0.86226
1475006854,0.86192,0.86227
1475006896,0.86191,0.86227
1475006919,0.86191,0.86226
1475006928,0.8619,0.86226
1475006930,0.86189,0.86225
1475006940,0.86189,0.86224
1475006940,0.86188,0.8622300000000001
1475006954,0.86188,0.86222
1475006954,0.86186,0.86221
1475006954,0.86185,0.86221
1475006954,0.86185,0.86219
1475006954,0.86186,0.86219
1475006954,0.86186,0.86221
1475006955,0.86187,0.86221
1475006959,0.86186,0.86221
1475006959,0.86185,0.86221
1475006959,0.86185,0.8622
1475006960,0.86185,0.86219
1475006960,0.8618400000000001,0.86219
1475006963,0.8618400000000001,0.8622
1475006967,0.86185,0.8622
1475006968,0.8618400000000001,0.8622
1475006974,0.86185,0.8622
1475006974,0.8618400000000001,0.8622
1475006987,0.86183,0.8622
1475006987,0.86183,0.8621799999999999
1475006987,0.8618400000000001,0.8621799999999999
1475006987,0.86183,0.86217
1475006987,0.8618400000000001,0.86217
1475006988,0.8618400000000001,0.8621799999999999
1475006989,0.8618400000000001,0.8621799999999999
1475006990,0.86183,0.8621799999999999
1475006992,0.86183,0.86219
1475006993,0.8618400000000001,0.86219
1475006997,0.8618400000000001,0.8622
1475007000,0.86186,0.86222
1475007000,0.86187,0.86222
1475007000,0.86189,0.86224
1475007000,0.86192,0.86225
1475007000,0.8619599999999999,0.8623
1475007006,0.8619599999999999,0.86231
1475007008,0.8619599999999999,0.8623
1475007010,0.8619599999999999,0.86231
1475007010,0.8619599999999999,0.8623
1475007011,0.8619599999999999,0.86231
1475007013,0.8619599999999999,0.8623
1475007018,0.8619599999999999,0.86231
1475007018,0.8619599999999999,0.86233
1475007019,0.86197,0.86233
1475007026,0.86197,0.86232
1475007026,0.8619599999999999,0.86232
1475007052,0.86197,0.86232
1475007056,0.8619599999999999,0.86232
1475007061,0.86197,0.86233
1475007067,0.86197,0.86234
1475007085,0.8619599999999999,0.86232
1475007085,0.8619599999999999,0.86231
1475007087,0.86197,0.86231
1475007106,0.8619599999999999,0.86231
1475007126,0.86195,0.86231
1475007126,0.8619599999999999,0.86231
1475007127,0.86197,0.86231
1475007136,0.86197,0.86232
1475007141,0.86198,0.86232
1475007141,0.86198,0.86232
1475007141,0.8620100000000001,0.86233
1475007143,0.862,0.86233
1475007147,0.8620100000000001,0.86233
1475007161,0.862,0.86232
1475007165,0.8620100000000001,0.86232
1475007168,0.862,0.86232
1475007172,0.862,0.86233
1475007172,0.862,0.86232
1475007177,0.862,0.86231
1475007177,0.862,0.86232
1475007177,0.862,0.86231
1475007191,0.862,0.86232
1475007192,0.862,0.86231
1475007197,0.86199,0.86231
1475007198,0.8619599999999999,0.8623
1475007204,0.8619599999999999,0.86229
1475007205,0.86198,0.8623
1475007205,0.86198,0.86231
1475007205,0.86199,0.86231
1475007207,0.86199,0.8623
1475007207,0.86199,0.86231
1475007208,0.86199,0.86231
1475007215,0.86197,0.8623
1475007218,0.86199,0.86231
1475007218,0.86199,0.86232
1475007238,0.862,0.86232
1475007240,0.86199,0.86232
1475007241,0.862,0.86232
1475007241,0.862,0.86233
1475007246,0.86199,0.86233
1475007247,0.86199,0.86232
1475007247,0.86199,0.86231
1475007247,0.8619599999999999,0.8623
1475007248,0.86195,0.86229
1475007263,0.86197,0.86229
1475007265,0.86197,0.8623
1475007265,0.86197,0.86231
1475007265,0.86197,0.86232
1475007267,0.86197,0.86232
1475007268,0.86197,0.86233
1475007283,0.8619599999999999,0.86233
1475007283,0.86197,0.86233
1475007292,0.86198,0.86233
1475007292,0.86198,0.86234
1475007296,0.86197,0.86233
1475007300,0.86198,0.86234
1475007300,0.86199,0.86234
1475007305,0.86198,0.86234
1475007305,0.86198,0.86233
1475007305,0.86197,0.86233
1475007305,0.8619599999999999,0.86232
1475007307,0.8619599999999999,0.86233
1475007307,0.86197,0.86233
1475007309,0.86198,0.86234
1475007309,0.86199,0.86234
1475007310,0.86199,0.8623
1475007310,0.86197,0.86231
1475007312,0.86198,0.86233
1475007312,0.86199,0.86233
1475007314,0.86199,0.8623499999999999
1475007314,0.86199,0.86234
1475007318,0.86199,0.8623499999999999
1475007318,0.86199,0.86234
1475007319,0.86199,0.8623499999999999
1475007329,0.86198,0.86233
1475007329,0.86197,0.86233
1475007331,0.86197,0.86231
1475007332,0.86197,0.8623
1475007332,0.86197,0.86231
1475007332,0.86198,0.86231
1475007332,0.86198,0.86232
1475007333,0.86198,0.86233
1475007333,0.86198,0.86232
1475007335,0.86199,0.86233
1475007336,0.86199,0.86234
1475007336,0.86199,0.86234
1475007345,0.862,0.86234
1475007345,0.862,0.8623499999999999
1475007347,0.862,0.86234
1475007359,0.86199,0.86231
1475007359,0.86198,0.86231
1475007361,0.86197,0.8623
1475007361,0.86198,0.8623
1475007361,0.86198,0.86231
1475007396,0.86199,0.86231
1475007397,0.86198,0.86231
1475007421,0.86198,0.86232
1475007421,0.86199,0.86232
1475007421,0.86198,0.86232
1475007421,0.86199,0.86233
1475007423,0.862,0.8623499999999999
1475007423,0.86199,0.8623499999999999
1475007423,0.862,0.8623499999999999
1475007424,0.8620100000000001,0.8623499999999999
1475007437,0.862,0.8623499999999999
1475007447,0.8620100000000001,0.8623499999999999
1475007478,0.862,0.8623499999999999
1475007478,0.86199,0.8623499999999999
1475007478,0.862,0.8623499999999999
1475007478,0.86199,0.8623499999999999
1475007478,0.862,0.8623499999999999
1475007488,0.8620100000000001,0.8623499999999999
1475007526,0.86202,0.8623499999999999
1475007534,0.8620100000000001,0.8623499999999999
1475007543,0.86202,0.8623499999999999
1475007543,0.8620100000000001,0.8623499999999999
1475007543,0.862,0.8623499999999999
1475007544,0.8620100000000001,0.8623499999999999
1475007545,0.862,0.8623499999999999
1475007545,0.86199,0.8623499999999999
1475007589,0.862,0.8623499999999999
1475007591,0.8620100000000001,0.8623499999999999
1475007606,0.862,0.8623499999999999
1475007606,0.86199,0.8623499999999999
1475007607,0.86199,0.86234
1475007607,0.86198,0.86234
1475007609,0.86199,0.8623499999999999
1475007609,0.862,0.8623499999999999
1475007639,0.8620100000000001,0.8623499999999999
1475007654,0.8620100000000001,0.86237
1475007657,0.8620100000000001,0.8623499999999999
1475007684,0.86202,0.86237
1475007691,0.86202,0.8623499999999999
1475007698,0.86203,0.8623499999999999
1475007698,0.86203,0.86237
1475007698,0.86202,0.86237
1475007699,0.86203,0.86237
1475007724,0.86202,0.8623499999999999
1475007724,0.86202,0.8623499999999999
1475007724,0.86202,0.86237
1475007767,0.86203,0.86237
1475007784,0.86203,0.8623499999999999
1475007784,0.86203,0.86234
1475007784,0.86199,0.86234
1475007785,0.86199,0.8623499999999999
1475007785,0.86199,0.86234
1475007785,0.86199,0.8623499999999999
1475007785,0.862,0.8623499999999999
1475007786,0.8620100000000001,0.8623499999999999
1475007793,0.8620100000000001,0.86237
1475007793,0.8620100000000001,0.8623499999999999
1475007794,0.8620100000000001,0.86237
1475007795,0.8620100000000001,0.8623499999999999
1475007815,0.8620100000000001,0.86237
1475007817,0.8620100000000001,0.8623499999999999
1475007846,0.862,0.8623499999999999
1475007846,0.862,0.86234
1475007846,0.862,0.8623499999999999
1475007851,0.86199,0.8623499999999999
1475007851,0.86199,0.86234
1475007862,0.86199,0.8623499999999999
1475007905,0.86199,0.86234
1475007906,0.86198,0.86234
1475007906,0.86199,0.86234
1475007907,0.86199,0.8623499999999999
1475007914,0.862,0.8623499999999999
1475007939,0.8620100000000001,0.86237
1475007939,0.86202,0.86237
1475007939,0.86203,0.86237
1475007939,0.86204,0.86238
1475007939,0.86211,0.86245
1475007939,0.86211,0.86245
1475007940,0.86214,0.8625
1475007940,0.86214,0.86249
1475007940,0.86213,0.86249
1475007940,0.86213,0.86248
1475007941,0.86214,0.86249
1475007943,0.86214,0.86248
1475007949,0.86214,0.86249
1475007949,0.86216,0.86249
1475007953,0.86215,0.86249
1475007955,0.86214,0.86249
1475007955,0.86214,0.86248
1475007955,0.86213,0.86245
1475007956,0.8621,0.86245
1475007956,0.86211,0.86245
1475007957,0.8621,0.86245
1475007957,0.86208,0.86244
1475007957,0.86207,0.86243
1475007957,0.86209,0.86243
1475007958,0.86207,0.86243
1475007958,0.86209,0.86243
1475007959,0.86207,0.8624000000000001
1475007963,0.86209,0.8624000000000001
1475007963,0.86209,0.86243
1475007963,0.86209,0.86244
1475007970,0.86209,0.86244
1475007976,0.86209,0.86243
1475007976,0.86209,0.86244
1475007980,0.86209,0.86243
1475007980,0.86209,0.86244
1475007983,0.86209,0.86245
1475007983,0.86209,0.86244
1475007985,0.86208,0.86244
1475007985,0.86208,0.86243
1475007985,0.86207,0.86243
1475008007,0.86207,0.8624000000000001
1475008007,0.86208,0.8624000000000001
1475008008,0.86207,0.8624000000000001
1475008010,0.86207,0.86242
1475008024,0.86206,0.86242
1475008024,0.86207,0.86242
1475008025,0.86208,0.86242
1475008025,0.86206,0.86243
1475008026,0.86208,0.86243
1475008026,0.86207,0.86243
1475008035,0.86207,0.86242
1475008036,0.86208,0.86242
1475008042,0.86207,0.86242
1475008054,0.86206,0.86242
1475008069,0.86207,0.86242
1475008074,0.86206,0.86242
1475008082,0.86206,0.8624000000000001
1475008082,0.86205,0.8624000000000001
1475008082,0.86202,0.86239
1475008083,0.86202,0.8623499999999999
1475008083,0.86203,0.8623499999999999
1475008090,0.8620100000000001,0.86237
1475008111,0.86202,0.86237
1475008111,0.86203,0.86237
1475008111,0.86203,0.86238
1475008118,0.86204,0.86238
1475008122,0.86203,0.86238
1475008132,0.86202,0.86238
1475008142,0.86203,0.86238
1475008149,0.86203,0.86237
1475008155,0.86202,0.86237
1475008161,0.86203,0.86237
1475008161,0.86202,0.86237
1475008161,0.86203,0.86237
1475008162,0.86202,0.86237
1475008162,0.8620100000000001,0.86237
1475008163,0.8620100000000001,0.86238
1475008163,0.8620100000000001,0.86237
1475008164,0.86202,0.86238
1475008164,0.86203,0.86238
1475008165,0.86203,0.86239
1475008168,0.86204,0.86239
1475008169,0.86205,0.86239
1475008171,0.86204,0.86239
1475008171,0.86203,0.86239
1475008172,0.8620100000000001,0.86238
1475008172,0.86197,0.86234
1475008172,0.86197,0.86233
1475008172,0.86198,0.86233
1475008172,0.86197,0.86233
1475008172,0.86198,0.86233
1475008172,0.86198,0.86233
1475008172,0.86198,0.86233
1475008184,0.86197,0.86233
1475008184,0.8619599999999999,0.86232
1475008184,0.8619599999999999,0.8623
1475008184,0.86195,0.8623
1475008184,0.8619599999999999,0.8623
1475008187,0.86195,0.8623
1475008193,0.86194,0.8623
1475008195,0.86194,0.86229
1475008195,0.86193,0.86228
1475008198,0.86193,0.86227
1475008198,0.86193,0.86228
1475008198,0.86194,0.86228
1475008198,0.86193,0.86228
1475008200,0.86194,0.86228
1475008201,0.86191,0.86229
1475008201,0.86191,0.86227
1475008201,0.8619,0.86227
1475008203,0.86191,0.86226
1475008203,0.8619,0.86226
1475008205,0.86191,0.86226
1475008205,0.8619,0.86226
1475008205,0.86191,0.86226
1475008205,0.86191,0.86228
1475008206,0.86194,0.86229
1475008206,0.86195,0.86231
1475008206,0.86195,0.86232
1475008207,0.8619599999999999,0.86234
1475008207,0.86195,0.86233
1475008209,0.86193,0.86231
1475008209,0.86193,0.8623
1475008209,0.86193,0.86231
1475008212,0.86193,0.8623
1475008212,0.86193,0.86231
1475008213,0.86193,0.86231
1475008213,0.86193,0.86231
1475008214,0.86194,0.86231
1475008215,0.86195,0.86231
1475008216,0.86194,0.86231
1475008217,0.86193,0.86231
1475008217,0.86194,0.86231
1475008217,0.86195,0.86231
1475008217,0.8619599999999999,0.86232
1475008218,0.86199,0.8623499999999999
1475008223,0.862,0.8623499999999999
1475008223,0.8620100000000001,0.86237
1475008225,0.8620100000000001,0.86238
1475008226,0.8620100000000001,0.86239
1475008226,0.86202,0.86239
1475008239,0.86203,0.8624000000000001
1475008240,0.86202,0.86239
1475008240,0.86203,0.86239
1475008242,0.86203,0.8624000000000001
1475008243,0.86202,0.86239
1475008243,0.8620100000000001,0.86238
1475008243,0.8620100000000001,0.86237
1475008244,0.862,0.86237
1475008244,0.86199,0.86237
1475008247,0.862,0.86237
1475008248,0.86199,0.86237
1475008248,0.86199,0.8623499999999999
1475008248,0.862,0.8623499999999999
1475008248,0.8620100000000001,0.86237
1475008248,0.8620100000000001,0.86239
1475008249,0.86202,0.86239
1475008254,0.86203,0.8624000000000001
1475008254,0.86202,0.8624000000000001
1475008255,0.86203,0.8624000000000001
1475008255,0.86203,0.86239
1475008256,0.86203,0.8624000000000001
1475008256,0.86203,0.86239
1475008257,0.86203,0.8624000000000001
1475008264,0.86203,0.86239
1475008265,0.86203,0.8624000000000001
1475008265,0.86203,0.86239
1475008266,0.86204,0.8624000000000001
1475008266,0.86204,0.86242
1475008267,0.86205,0.86242
1475008269,0.86204,0.86242
1475008269,0.86205,0.86242
1475008270,0.86205,0.86243
1475008270,0.86205,0.86242
1475008272,0.86204,0.86242
1475008272,0.86205,0.86242
1475008272,0.86204,0.86242
1475008272,0.86205,0.86242
1475008273,0.86204,0.86242
1475008273,0.86205,0.86242
1475008274,0.86204,0.86242
1475008275,0.86205,0.86242
1475008275,0.86204,0.86242
1475008275,0.86205,0.86242
1475008276,0.86204,0.86242
1475008276,0.86205,0.86242
1475008276,0.86204,0.86242
1475008277,0.86205,0.86242
1475008277,0.86205,0.86243
1475008278,0.86205,0.86242
1475008279,0.86204,0.86242
1475008288,0.86204,0.8624000000000001
1475008292,0.86205,0.8624000000000001
1475008292,0.86206,0.8624000000000001
1475008292,0.86206,0.86244
1475008297,0.86206,0.86243
1475008297,0.86205,0.86243
1475008297,0.86205,0.86242
1475008297,0.86204,0.8624000000000001
1475008298,0.86203,0.8624000000000001
1475008298,0.86204,0.8624000000000001
1475008298,0.86203,0.8624000000000001
1475008298,0.86202,0.8624000000000001
1475008299,0.86203,0.8624000000000001
1475008303,0.86202,0.8624000000000001
1475008308,0.86202,0.86239
1475008310,0.86203,0.8624000000000001
1475008310,0.86203,0.8624000000000001
1475008310,0.86203,0.86239
1475008312,0.86203,0.8624000000000001
1475008314,0.86204,0.8624000000000001
1475008319,0.86203,0.8624000000000001
1475008320,0.86204,0.8624000000000001
1475008321,0.86203,0.8624000000000001
1475008331,0.86202,0.86239
1475008353,0.8620100000000001,0.86239
1475008366,0.86202,0.86239
1475008366,0.8620100000000001,0.86239
1475008366,0.86198,0.8623499999999999
1475008366,0.86198,0.86233
1475008367,0.86195,0.86233
1475008373,0.86197,0.86233
1475008373,0.86197,0.86233
1475008386,0.86197,0.86234
1475008393,0.86198,0.86234
1475008393,0.86198,0.8623499999999999
1475008393,0.86199,0.8623499999999999
1475008393,0.862,0.8623499999999999
1475008393,0.862,0.86237
1475008397,0.862,0.86238
1475008399,0.862,0.86237
1475008401,0.862,0.8623499999999999
1475008401,0.862,0.86237
1475008401,0.86199,0.86237
1475008402,0.86199,0.8623499999999999
1475008403,0.86199,0.86237
1475008404,0.86199,0.8623499999999999
1475008404,0.86199,0.86237
1475008405,0.86199,0.8623499999999999
1475008405,0.86199,0.86237
1475008405,0.86199,0.8623499999999999
1475008405,0.86199,0.86237
1475008405,0.86199,0.8623499999999999
1475008406,0.86199,0.86237
1475008406,0.86199,0.8623499999999999
1475008406,0.86199,0.86237
1475008406,0.86199,0.8623499999999999
1475008409,0.86198,0.8623499999999999
1475008409,0.86199,0.8623499999999999
1475008427,0.86199,0.86237
1475008427,0.86199,0.8623499999999999
1475008442,0.86199,0.86237
1475008442,0.862,0.8623499999999999
1475008444,0.8619599999999999,0.86234
1475008444,0.86197,0.8623499999999999
1475008444,0.86198,0.8623499999999999
1475008444,0.86199,0.8623499999999999
1475008444,0.862,0.8623499999999999
1475008444,0.86199,0.8623499999999999
1475008445,0.86198,0.8623499999999999
1475008445,0.86199,0.8623499999999999
1475008445,0.862,0.8623499999999999
1475008445,0.86199,0.8623499999999999
1475008445,0.86199,0.8623499999999999
1475008446,0.862,0.8623499999999999
1475008447,0.862,0.86238
1475008447,0.862,0.86237
1475008447,0.862,0.8623499999999999
1475008447,0.862,0.86237
1475008447,0.86199,0.86237
1475008447,0.862,0.86237
1475008450,0.862,0.8623499999999999
1475008450,0.862,0.86237
1475008452,0.862,0.8623499999999999
1475008452,0.862,0.86237
1475008459,0.862,0.86238
1475008459,0.86202,0.86238
1475008460,0.86202,0.86237
1475008460,0.862,0.8623499999999999
1475008460,0.86198,0.86234
1475008466,0.86198,0.86234
1475008466,0.86199,0.86234
1475008475,0.8619599999999999,0.86234
1475008477,0.8619599999999999,0.86233
1475008483,0.8619599999999999,0.86234
1475008483,0.8619599999999999,0.86233
1475008484,0.86197,0.86234
1475008484,0.86198,0.86234
1475008484,0.86199,0.8623499999999999
1475008485,0.862,0.8623499999999999
1475008487,0.86199,0.8623499999999999
1475008487,0.86199,0.86234
1475008488,0.86191,0.86229
1475008490,0.86192,0.86229
1475008492,0.86191,0.86229
1475008492,0.8619,0.86227
1475008492,0.86187,0.86225
1475008492,0.86187,0.86224
1475008493,0.86185,0.86221
1475008493,0.8618400000000001,0.86221
1475008493,0.8618,0.86217
1475008493,0.8617899999999999,0.86217
1475008493,0.8617899999999999,0.86216
1475008493,0.86178,0.86215
1475008493,0.86178,0.86214
1475008494,0.86176,0.86214
1475008494,0.86177,0.86213
1475008494,0.86177,0.86214
1475008495,0.86177,0.86215
1475008495,0.86177,0.86214
1475008495,0.86178,0.86214
1475008495,0.86177,0.86214
1475008495,0.86176,0.86214
1475008496,0.86177,0.86213
1475008496,0.86177,0.86214
1475008497,0.86177,0.86214
1475008497,0.86177,0.86214
1475008497,0.86177,0.86215
1475008498,0.86177,0.86214
1475008498,0.86176,0.86215
1475008499,0.86177,0.86215
1475008499,0.86177,0.86214
1475008499,0.86177,0.86215
1475008500,0.86177,0.86214
1475008500,0.86176,0.86213
1475008502,0.86176,0.86212
1475008502,0.86175,0.86212
1475008518,0.86174,0.86211
1475008518,0.86173,0.86211
1475008524,0.86175,0.86211
1475008529,0.86175,0.86212
1475008529,0.86175,0.86211
1475008531,0.86174,0.86211
1475008537,0.86175,0.86211
1475008540,0.86174,0.86211
1475008560,0.86173,0.86211
1475008560,0.86172,0.8621
1475008560,0.86172,0.86208
1475008569,0.86171,0.86208
1475008570,0.86172,0.86208
1475008570,0.86172,0.86209
1475008571,0.86171,0.86209
1475008571,0.86171,0.86208
1475008571,0.8617,0.86208
1475008580,0.86172,0.86208
1475008584,0.86173,0.86209
1475008584,0.86173,0.8621
1475008585,0.86174,0.8621
1475008589,0.86173,0.8621
1475008589,0.86174,0.8621
1475008592,0.86174,0.86211
1475008605,0.86175,0.86211
1475008607,0.86175,0.86212
1475008614,0.86176,0.86211
1475008615,0.86175,0.86211
1475008626,0.86175,0.86212
1475008626,0.86174,0.86212
1475008640,0.86174,0.86211
1475008641,0.86175,0.86211
1475008645,0.86175,0.86212
1475008646,0.86174,0.86211
1475008674,0.86175,0.86213
1475008674,0.86175,0.86213
1475008677,0.86176,0.86213
1475008680,0.86175,0.86213
1475008686,0.86177,0.86213
1475008686,0.86177,0.86213
1475008687,0.86176,0.86213
1475008690,0.86175,0.86213
1475008693,0.86175,0.86211
1475008693,0.86173,0.86211
1475008693,0.86174,0.86211
1475008695,0.86174,0.8621
1475008698,0.86173,0.8621
1475008699,0.86174,0.8621
1475008700,0.86173,0.8621
1475008701,0.86174,0.8621
1475008702,0.86173,0.8621
1475008702,0.86174,0.8621
1475008707,0.86173,0.8621
1475008711,0.86174,0.8621
1475008719,0.86173,0.8621
1475008727,0.86173,0.86209
1475008729,0.86174,0.86209
1475008732,0.86174,0.8621
1475008740,0.86173,0.8621
1475008747,0.86172,0.86209
1475008775,0.86171,0.86209
1475008778,0.86173,0.86209
1475008778,0.86174,0.86209
1475008779,0.86173,0.86209
1475008779,0.86172,0.86209
1475008779,0.86173,0.86209
1475008789,0.86174,0.86209
1475008789,0.86176,0.86211
1475008789,0.86176,0.86213
1475008790,0.86175,0.86213
1475008790,0.86175,0.86212
1475008791,0.86173,0.86211
1475008791,0.86173,0.8621
1475008792,0.86174,0.8621
1475008792,0.86175,0.8621
1475008792,0.86174,0.8621
1475008794,0.86173,0.8621
1475008798,0.86174,0.8621
1475008800,0.86175,0.86211
1475008801,0.86174,0.86211
1475008802,0.86175,0.86211
1475008809,0.86176,0.86211
1475008810,0.86176,0.86212
1475008810,0.86177,0.86213
1475008812,0.86176,0.86213
1475008812,0.86175,0.86213
1475008813,0.86176,0.86213
1475008813,0.86176,0.86212
1475008813,0.86175,0.86212
1475008824,0.86175,0.86211
1475008826,0.86177,0.86211
1475008826,0.86178,0.86213
1475008827,0.86178,0.86215
1475008827,0.86178,0.86214
1475008827,0.86178,0.86213
1475008827,0.86176,0.86213
1475008827,0.86177,0.86213
1475008827,0.86176,0.86213
1475008827,0.86177,0.86213
1475008833,0.86175,0.86212
1475008833,0.86178,0.86212
1475008833,0.86182,0.86216
1475008835,0.86183,0.86217
1475008835,0.86183,0.8621799999999999
1475008835,0.86181,0.8621799999999999
1475008835,0.8617899999999999,0.86217
1475008837,0.86178,0.86215
1475008842,0.86178,0.86215
1475008842,0.8617899999999999,0.86217
1475008850,0.8617899999999999,0.86216
1475008855,0.86178,0.86216
1475008855,0.8617899999999999,0.86217
1475008862,0.86178,0.86216
1475008862,0.86178,0.86216
1475008871,0.8617899999999999,0.86216
1475008871,0.8618,0.86217
1475008886,0.8618,0.86217
1475008886,0.86181,0.86217
1475008906,0.8618,0.86217
1475008907,0.8618,0.86216
1475008908,0.8617899999999999,0.86216
1475008908,0.8618,0.86217
1475008912,0.8618,0.86216
1475008913,0.8618,0.86217
1475008918,0.86181,0.86217
1475008920,0.86181,0.8621799999999999
1475008920,0.86182,0.8621799999999999
1475008929,0.8618,0.86215
1475008929,0.8618,0.86215
1475008929,0.86178,0.86215
1475008931,0.86174,0.86212
1475008934,0.86173,0.86211
1475008934,0.86174,0.86212
1475008934,0.86174,0.86211
1475008934,0.86173,0.86211
1475008934,0.86173,0.86211
1475008934,0.86173,0.8621
1475008936,0.86173,0.86209
1475008936,0.86172,0.86209
1475008936,0.86173,0.86209
1475008936,0.86173,0.86208
1475008936,0.86172,0.86208
1475008936,0.86172,0.86208
1475008938,0.86173,0.86209
1475008938,0.86174,0.86209
1475008938,0.86172,0.86208
1475008939,0.86173,0.86208
1475008939,0.86173,0.8621
1475008940,0.86174,0.86211
1475008950,0.86175,0.86211
1475008969,0.86176,0.86211
1475008969,0.86175,0.86211
1475008970,0.86176,0.86211
1475008970,0.86177,0.86211
1475008990,0.86177,0.86211
1475008990,0.86177,0.86211
1475008990,0.8618,0.86215
1475008990,0.8618,0.8621799999999999
1475008991,0.86181,0.8621799999999999
1475008992,0.86181,0.86219
1475008992,0.86181,0.8621799999999999
1475008992,0.86181,0.86219
1475008993,0.86181,0.8621799999999999
1475008993,0.86182,0.8621799999999999
1475008993,0.86181,0.86217
1475008994,0.86181,0.8621799999999999
1475008996,0.8618,0.8621799999999999
1475008997,0.8617899999999999,0.86217
1475008997,0.8618,0.86217
1475008998,0.8617899999999999,0.86216
1475008998,0.8617899999999999,0.86216
1475008998,0.86178,0.86215
1475009005,0.86178,0.86216
1475009006,0.86177,0.86215
1475009007,0.86177,0.86214
1475009026,0.86178,0.86214
1475009035,0.8617899999999999,0.86215
1475009035,0.8617899999999999,0.86216
1475009037,0.86177,0.86215
1475009037,0.86177,0.86213
1475009041,0.86176,0.86213
1475009041,0.86175,0.86212
1475009046,0.86176,0.86213
1475009046,0.86177,0.86213
1475009048,0.86178,0.86213
1475009053,0.86177,0.86213
1475009054,0.86175,0.86212
1475009056,0.86175,0.86211
1475009057,0.86175,0.86212
1475009058,0.86176,0.86212
1475009058,0.86175,0.86213
1475009060,0.86176,0.86213
1475009060,0.86175,0.86213
1475009060,0.86174,0.86211
1475009061,0.86175,0.86212
1475009063,0.86174,0.86212
1475009067,0.86175,0.86212
1475009068,0.86174,0.86212
1475009071,0.86175,0.86212
1475009074,0.86176,0.86212
1475009075,0.86175,0.86212
1475009078,0.86175,0.86212
1475009078,0.86175,0.86212
1475009085,0.86176,0.86213
1475009094,0.86176,0.86214
1475009100,0.86177,0.86214
1475009100,0.86176,0.86214
1475009100,0.86175,0.86214
1475009100,0.86174,0.86214
1475009121,0.86173,0.86213
1475009122,0.86174,0.86213
1475009122,0.86174,0.86214
1475009124,0.86174,0.86213
1475009125,0.86174,0.86214
1475009126,0.86175,0.86214
1475009127,0.86174,0.86213
1475009127,0.86173,0.86213
1475009127,0.86174,0.86213
1475009128,0.86174,0.86214
1475009128,0.86175,0.86214
1475009130,0.86174,0.86214
1475009130,0.86175,0.86214
1475009131,0.86176,0.86215
1475009131,0.86176,0.86215
1475009131,0.86177,0.86215
1475009133,0.86175,0.86214
1475009133,0.86176,0.86215
1475009133,0.86177,0.86215
1475009133,0.86176,0.86215
1475009134,0.86177,0.86215
1475009135,0.86176,0.86215
1475009135,0.86175,0.86215
1475009136,0.86176,0.86215
1475009136,0.86175,0.86215
1475009137,0.86176,0.86215
1475009137,0.86177,0.86215
1475009137,0.86176,0.86215
1475009138,0.86176,0.86214
1475009138,0.86177,0.86214
1475009138,0.86175,0.86214
1475009138,0.86176,0.86214
1475009139,0.86177,0.86216
1475009141,0.86176,0.86214
1475009141,0.86176,0.86214
1475009141,0.86176,0.86215
1475009142,0.86176,0.86216
1475009148,0.86175,0.86214
1475009148,0.86175,0.86214
1475009148,0.86175,0.86215
1475009150,0.86176,0.86215
1475009150,0.86176,0.86216
1475009151,0.86176,0.86215
1475009151,0.86175,0.86215
1475009151,0.86175,0.86214
1475009151,0.86175,0.86215
1475009153,0.86176,0.86215
1475009154,0.86175,0.86215
1475009155,0.86176,0.86215
1475009155,0.86176,0.86215
1475009155,0.86176,0.86215
1475009156,0.86175,0.86214
1475009158,0.86176,0.86214
1475009158,0.86175,0.86214
1475009159,0.86176,0.86214
1475009159,0.86175,0.86214
1475009159,0.86176,0.86214
1475009160,0.86175,0.86214
1475009161,0.86175,0.86215
1475009161,0.86177,0.86215
1475009161,0.86176,0.86216
1475009161,0.86178,0.86216
1475009162,0.86176,0.86215
1475009162,0.86177,0.86215
1475009163,0.86176,0.86215
1475009163,0.86177,0.86216
1475009163,0.86178,0.86216
1475009163,0.86176,0.86216
1475009164,0.86176,0.86214
1475009164,0.86176,0.86215
1475009164,0.86177,0.86216
1475009165,0.86177,0.86215
1475009165,0.86177,0.86216
1475009168,0.86178,0.86216
1475009170,0.86177,0.86215
1475009170,0.86176,0.86215
1475009170,0.86178,0.86215
1475009170,0.86176,0.86215
1475009172,0.86178,0.86215
1475009172,0.86176,0.86215
1475009174,0.86178,0.86215
1475009174,0.86177,0.86215
1475009175,0.86178,0.86215
1475009175,0.86177,0.86215
1475009176,0.86176,0.86215
1475009176,0.86177,0.86215
1475009177,0.86178,0.86215
1475009177,0.86178,0.86215
1475009179,0.86178,0.86214
1475009179,0.86178,0.86215
1475009181,0.86178,0.86214
1475009181,0.86178,0.86215
1475009183,0.86177,0.86215
1475009183,0.86178,0.86215
1475009185,0.8618,0.86215
1475009185,0.86178,0.86215
1475009186,0.8617899999999999,0.86215
1475009186,0.8617899999999999,0.86216
1475009186,0.86181,0.86217
1475009186,0.86181,0.8621799999999999
1475009186,0.86181,0.8621799999999999
1475009186,0.8618,0.8621799999999999
1475009187,0.86181,0.8621799999999999
1475009188,0.8617899999999999,0.8621799999999999
1475009188,0.86181,0.8621799999999999
1475009190,0.86181,0.8621799999999999
1475009190,0.8617899999999999,0.8621799999999999
1475009190,0.8618,0.8621799999999999
1475009191,0.86181,0.8621799999999999
1475009192,0.8617899999999999,0.8621799999999999
1475009192,0.8618,0.8621799999999999
1475009192,0.8617899999999999,0.8621799999999999
1475009192,0.8618,0.8621799999999999
1475009193,0.8618,0.8621799999999999
1475009193,0.8618,0.8621799999999999
1475009194,0.8618,0.86219
1475009194,0.86185,0.86224
1475009194,0.8618400000000001,0.86224
1475009194,0.86185,0.86224
1475009195,0.8618400000000001,0.86224
1475009196,0.8618400000000001,0.8622300000000001
1475009197,0.86185,0.8622300000000001
1475009197,0.8618400000000001,0.8622300000000001
1475009199,0.8618400000000001,0.86224
1475009199,0.86186,0.86225
1475009200,0.86192,0.8623
1475009205,0.86193,0.86231
1475009205,0.86193,0.86231
1475009205,0.86194,0.86232
1475009205,0.86198,0.86237
1475009205,0.86197,0.86237
1475009206,0.86195,0.8623499999999999
1475009206,0.86197,0.8623499999999999
1475009206,0.8619599999999999,0.8623499999999999
1475009206,0.86195,0.8623499999999999
1475009206,0.8619599999999999,0.8623499999999999
1475009207,0.86195,0.8623499999999999
1475009207,0.8619599999999999,0.8623499999999999
1475009209,0.86195,0.8623499999999999
1475009209,0.8619599999999999,0.8623499999999999
1475009212,0.86195,0.8623499999999999
1475009212,0.86194,0.86233
1475009212,0.86194,0.86234
1475009214,0.86194,0.86233
1475009214,0.86193,0.86233
1475009214,0.86193,0.86231
1475009215,0.86193,0.86233
1475009215,0.86194,0.86234
1475009217,0.86193,0.86233
1475009218,0.86194,0.86233
1475009219,0.86193,0.86233
1475009220,0.86194,0.86233
1475009220,0.86193,0.86233
1475009220,0.86192,0.86232
1475009220,0.86192,0.86231
1475009225,0.86191,0.86231
1475009226,0.86191,0.8623
1475009227,0.86191,0.86231
1475009228,0.86191,0.8623
1475009229,0.8619,0.8623
1475009229,0.8619,0.86229
1475009229,0.86189,0.86227
1475009229,0.86187,0.86227
1475009229,0.86186,0.86225
1475009230,0.8618400000000001,0.86224
1475009232,0.8618400000000001,0.8622300000000001
1475009232,0.8618400000000001,0.86224
1475009234,0.86185,0.86224
1475009234,0.86186,0.86225
1475009239,0.86187,0.86225
1475009240,0.86186,0.86226
1475009240,0.86187,0.86226
1475009240,0.86186,0.86226
1475009240,0.86187,0.86226
1475009243,0.86186,0.86226
1475009243,0.86187,0.86226
1475009243,0.86186,0.86226
1475009249,0.86186,0.86225
1475009249,0.86186,0.86224
1475009252,0.86186,0.86225
1475009255,0.86186,0.86224
1475009260,0.86186,0.8622300000000001
1475009270,0.86187,0.8622300000000001
1475009272,0.86186,0.86222
1475009272,0.86186,0.8622300000000001
1475009273,0.86186,0.86224
1475009273,0.86187,0.86225
1475009273,0.86187,0.8622300000000001
1475009273,0.86186,0.86225
1475009274,0.86185,0.86224
1475009274,0.86186,0.86224
1475009275,0.86186,0.86225
1475009275,0.86187,0.86226
1475009275,0.86186,0.86226
1475009275,0.86185,0.86225
1475009275,0.86185,0.86224
1475009275,0.86185,0.8622300000000001
1475009275,0.86185,0.86224
1475009276,0.86185,0.86225
1475009276,0.86185,0.86222
1475009276,0.8618400000000001,0.8622300000000001
1475009276,0.8618400000000001,0.86224
1475009276,0.8618400000000001,0.8622300000000001
1475009277,0.8618400000000001,0.86221
1475009277,0.8618400000000001,0.8622300000000001
1475009277,0.8618400000000001,0.86224
1475009279,0.8618400000000001,0.8622
1475009279,0.86183,0.8622
1475009279,0.86183,0.86221
1475009279,0.86183,0.86222
1475009280,0.86183,0.8622300000000001
1475009280,0.86183,0.86221
1475009280,0.86183,0.8622300000000001
1475009281,0.86185,0.8622300000000001
1475009281,0.8618400000000001,0.86221
1475009282,0.8618400000000001,0.86222
1475009282,0.8618400000000001,0.8622300000000001
1475009282,0.8618400000000001,0.86222
1475009282,0.8618400000000001,0.86221
1475009282,0.86183,0.8622
1475009282,0.86183,0.86222
1475009283,0.86183,0.86221
1475009283,0.86183,0.86222
1475009283,0.86183,0.86221
1475009283,0.86183,0.8622
1475009283,0.86183,0.8622300000000001
1475009283,0.86183,0.86221
1475009284,0.86183,0.8622
1475009284,0.86183,0.86221
1475009284,0.86183,0.8622
1475009284,0.86183,0.8622300000000001
1475009284,0.86183,0.86221
1475009284,0.8618400000000001,0.86221
1475009285,0.8618400000000001,0.86224
1475009285,0.8618400000000001,0.86222
1475009285,0.8618400000000001,0.8622
1475009285,0.8618400000000001,0.86222
1475009285,0.8618400000000001,0.86224
1475009285,0.8618400000000001,0.86221
1475009286,0.86183,0.86221
1475009286,0.86183,0.8622300000000001
1475009286,0.86183,0.86221
1475009287,0.86183,0.8622300000000001
1475009287,0.86182,0.86219
1475009287,0.86182,0.86222
1475009287,0.86182,0.86219
1475009287,0.86182,0.8622
1475009287,0.8618,0.8621799999999999
1475009287,0.8618,0.8621799999999999
1475009287,0.86181,0.86219
1475009288,0.8618,0.86219
1475009288,0.86178,0.86217
1475009288,0.86178,0.86216
1475009288,0.86176,0.86215
1475009288,0.86176,0.86216
1475009288,0.86178,0.86216
1475009288,0.8618,0.8621799999999999
1475009289,0.8617899999999999,0.86219
1475009289,0.86181,0.86219
1475009289,0.8618,0.86219
1475009290,0.8618,0.8621799999999999
1475009290,0.86182,0.86219
1475009291,0.86183,0.86219
1475009291,0.8618400000000001,0.86221
1475009291,0.8618400000000001,0.86222
1475009291,0.8618400000000001,0.8622300000000001
1475009292,0.8618400000000001,0.8622
1475009292,0.8618400000000001,0.8622
1475009292,0.86182,0.8622
1475009293,0.86181,0.86221
1475009293,0.86181,0.8622
1475009293,0.86181,0.8621799999999999
1475009293,0.86181,0.86221
1475009293,0.86182,0.86221
1475009295,0.86181,0.86217
1475009295,0.86181,0.8622
1475009296,0.86181,0.86221
1475009296,0.8618,0.86215
1475009296,0.8618,0.86219
1475009296,0.8617899999999999,0.86216
1475009297,0.8618,0.86219
1475009297,0.8618,0.8621799999999999
1475009297,0.8617899999999999,0.86216
1475009297,0.8617899999999999,0.86217
1475009298,0.8617899999999999,0.86216
1475009298,0.8617899999999999,0.86217
1475009298,0.8618,0.86219
1475009298,0.8618,0.86219
1475009298,0.86182,0.8622
1475009299,0.86183,0.86221
1475009299,0.86181,0.86217
1475009299,0.86181,0.8622
1475009300,0.86181,0.8621799999999999
1475009300,0.86181,0.86219
1475009300,0.86181,0.86221
1475009300,0.86182,0.86221
1475009301,0.86181,0.86216
1475009301,0.86181,0.86219
1475009301,0.86181,0.8621799999999999
1475009301,0.8618400000000001,0.8622
1475009301,0.86183,0.8622300000000001
1475009301,0.86183,0.86222
1475009302,0.86186,0.8622300000000001
1475009302,0.8618400000000001,0.86222
1475009302,0.86186,0.86222
1475009302,0.86183,0.86219
1475009302,0.8618400000000001,0.86219
1475009302,0.8618400000000001,0.8622
1475009303,0.8618,0.8621799999999999
1475009303,0.86182,0.8621799999999999
1475009303,0.86178,0.86217
1475009303,0.8617899999999999,0.86216
1475009303,0.8618,0.86216
1475009304,0.8618,0.86217
1475009304,0.86178,0.86216
1475009305,0.8618,0.86216
1475009306,0.8618,0.86217
1475009306,0.8617899999999999,0.86216
1475009306,0.86178,0.86215
1475009306,0.8617899999999999,0.86215
1475009306,0.8617899999999999,0.86216
1475009307,0.86178,0.86216
1475009307,0.8617899999999999,0.86216
1475009308,0.86178,0.86215
1475009308,0.8617899999999999,0.86215
1475009308,0.8617899999999999,0.86216
1475009308,0.86178,0.86216
1475009309,0.86178,0.86213
1475009309,0.8617899999999999,0.86216
1475009310,0.86178,0.86216
1475009310,0.8617899999999999,0.86217
1475009310,0.86178,0.86216
1475009310,0.8617899999999999,0.86216
1475009312,0.8617899999999999,0.86217
1475009312,0.8618,0.86215
1475009312,0.8617899999999999,0.86216
1475009313,0.8617899999999999,0.86217
1475009313,0.86178,0.86215
1475009313,0.8618,0.86215
1475009313,0.8618,0.86216
1475009313,0.8617899999999999,0.86216
1475009314,0.86178,0.86214
1475009314,0.8617899999999999,0.86214
1475009314,0.8617899999999999,0.86215
1475009315,0.86178,0.86216
1475009315,0.8618,0.86216
1475009317,0.86178,0.86215
1475009317,0.86176,0.86212
1475009317,0.8617899999999999,0.86213
1475009317,0.86181,0.86217
1475009318,0.8618,0.86217
1475009318,0.8617899999999999,0.86216
1475009319,0.8617899999999999,0.86217
1475009319,0.86181,0.86217
1475009319,0.86178,0.86216
1475009320,0.86178,0.86215
1475009320,0.86177,0.86214
1475009320,0.86178,0.86214
1475009320,0.86176,0.86215
1475009320,0.86181,0.86216
1475009321,0.86181,0.8621799999999999
1475009322,0.8618,0.86217
1475009322,0.86175,0.86211
1475009322,0.86174,0.86209
1475009322,0.86175,0.86209
1475009323,0.86174,0.86209
1475009323,0.86174,0.8621
1475009323,0.86174,0.86211
1475009323,0.86175,0.86211
1475009324,0.86174,0.86209
1475009325,0.86175,0.86211
1475009325,0.86174,0.86211
1475009325,0.86174,0.8621
1475009326,0.86174,0.86209
1475009326,0.86173,0.86209
1475009326,0.86174,0.86211
1475009328,0.86174,0.86209
1475009328,0.86173,0.86209
1475009328,0.86174,0.86211
1475009328,0.86174,0.86211
1475009328,0.86173,0.86211
1475009329,0.86174,0.86209
1475009329,0.86173,0.86209
1475009329,0.86174,0.8621
1475009330,0.86173,0.86211
1475009330,0.86174,0.86211
1475009330,0.86173,0.86209
1475009330,0.86174,0.86209
1475009330,0.86173,0.86209
1475009332,0.86172,0.86209
1475009332,0.86172,0.86208
1475009332,0.86174,0.86208
1475009332,0.86174,0.86211
1475009332,0.86173,0.86211
1475009332,0.86174,0.86211
1475009333,0.86174,0.8621
