1474281464,0.85497,0.85529
1474281464,0.85497,0.8552999999999999
1474281464,0.85497,0.85529
1474281465,0.85497,0.85528
1474281466,0.85497,0.85529
1474281466,0.85499,0.8552999999999999
1474281466,0.855,0.85532
1474281466,0.85499,0.8552999999999999
1474281470,0.85498,0.8552999999999999
1474281472,0.85498,0.85529
1474281472,0.85497,0.85529
1474281472,0.85498,0.8552999999999999
1474281473,0.85497,0.85529
1474281473,0.85498,0.8552999999999999
1474281474,0.85497,0.85528
1474281474,0.85498,0.8552999999999999
1474281474,0.855,0.8552999999999999
1474281474,0.85504,0.8553500000000001
1474281475,0.85503,0.8553500000000001
1474281476,0.85503,0.85534
1474281476,0.85504,0.85534
1474281476,0.85505,0.8553500000000001
1474281476,0.85506,0.8553500000000001
1474281477,0.85505,0.8553500000000001
1474281477,0.85504,0.8553500000000001
1474281477,0.85505,0.8553500000000001
1474281478,0.85506,0.8553500000000001
1474281479,0.85505,0.8553500000000001
1474281479,0.85505,0.85537
1474281479,0.85505,0.8553500000000001
1474281479,0.85505,0.85537
1474281480,0.85505,0.8553500000000001
1474281480,0.85504,0.8553500000000001
1474281480,0.85505,0.85537
1474281480,0.85506,0.85538
1474281481,0.85507,0.85539
1474281483,0.85508,0.85539
1474281483,0.85507,0.85539
1474281487,0.85508,0.85539
1474281487,0.85509,0.85539
1474281487,0.8551,0.8554
1474281487,0.8551299999999999,0.85544
1474281487,0.85514,0.85544
1474281487,0.8551299999999999,0.85544
1474281487,0.85514,0.85544
1474281487,0.85515,0.85545
1474281488,0.85514,0.85547
1474281488,0.85515,0.85547
1474281488,0.85516,0.85547
1474281488,0.85516,0.85548
1474281492,0.85516,0.85547
1474281495,0.85516,0.85548
1474281495,0.85516,0.85547
1474281499,0.85516,0.85548
1474281499,0.85517,0.85549
1474281500,0.8551800000000001,0.8555
1474281500,0.8551800000000001,0.85549
1474281500,0.85517,0.85549
1474281500,0.8551800000000001,0.8555
1474281500,0.85519,0.8555
1474281505,0.8552,0.8555
1474281505,0.85521,0.8555
1474281505,0.8552,0.8555
1474281506,0.85519,0.8555
1474281506,0.8552,0.8555199999999999
1474281507,0.85519,0.8555
1474281509,0.8552,0.8555199999999999
1474281510,0.85519,0.8555
1474281511,0.85517,0.85548
1474281511,0.85516,0.85548
1474281511,0.85516,0.85547
1474281511,0.85516,0.85548
1474281512,0.85516,0.85547
1474281515,0.85516,0.85548
1474281515,0.85517,0.85549
1474281515,0.8551800000000001,0.8555
1474281515,0.8551800000000001,0.8555
1474281516,0.85519,0.8555
1474281516,0.8552,0.8555199999999999
1474281516,0.85519,0.8555
1474281516,0.8552,0.8555199999999999
1474281517,0.8552,0.8555
1474281517,0.8552,0.8555199999999999
1474281518,0.85522,0.85554
1474281518,0.85523,0.85554
1474281518,0.85522,0.85555
1474281518,0.85525,0.8555700000000001
1474281518,0.85526,0.8555700000000001
1474281518,0.85527,0.85559
1474281518,0.85526,0.8555700000000001
1474281519,0.85527,0.8555700000000001
1474281519,0.85526,0.8555700000000001
1474281519,0.85525,0.85555
1474281519,0.85525,0.8555700000000001
1474281519,0.85525,0.85555
1474281520,0.85525,0.8555700000000001
1474281524,0.85526,0.8555700000000001
1474281525,0.85525,0.8555700000000001
1474281526,0.85525,0.8555700000000001
1474281526,0.85525,0.85555
1474281526,0.85524,0.85555
1474281527,0.85525,0.85555
1474281527,0.85525,0.85555
1474281527,0.85524,0.85555
1474281527,0.85524,0.85555
1474281532,0.85523,0.85555
1474281534,0.85523,0.85554
1474281534,0.85522,0.85554
1474281535,0.85523,0.85555
1474281535,0.85524,0.85555
1474281535,0.85525,0.8555700000000001
1474281535,0.85524,0.85555
1474281535,0.85525,0.8555700000000001
1474281536,0.85525,0.8555700000000001
1474281536,0.85525,0.85555
1474281536,0.85524,0.85555
1474281536,0.85526,0.8555700000000001
1474281537,0.85525,0.8555700000000001
1474281537,0.85525,0.85555
1474281537,0.85524,0.85555
1474281539,0.85524,0.85554
1474281539,0.85524,0.85555
1474281540,0.85523,0.85554
1474281541,0.85525,0.8555700000000001
1474281541,0.85526,0.8555700000000001
1474281542,0.85527,0.85559
1474281542,0.85527,0.85559
1474281545,0.85526,0.8555700000000001
1474281545,0.85527,0.85559
1474281545,0.85526,0.8555700000000001
1474281546,0.85527,0.85559
1474281546,0.85526,0.8555700000000001
1474281547,0.85524,0.85555
1474281548,0.85525,0.8555700000000001
1474281548,0.85524,0.85555
1474281549,0.85522,0.85554
1474281550,0.85522,0.85554
1474281551,0.85523,0.85555
1474281553,0.85523,0.85555
1474281555,0.85522,0.85554
1474281556,0.85522,0.8555199999999999
1474281556,0.85521,0.8555199999999999
1474281556,0.8552,0.8555199999999999
1474281557,0.85521,0.8555199999999999
1474281558,0.85519,0.8555199999999999
1474281559,0.85519,0.8555
1474281559,0.8551800000000001,0.8555
1474281559,0.85517,0.85549
1474281560,0.85516,0.85548
1474281560,0.85515,0.85547
1474281560,0.8551299999999999,0.85545
1474281561,0.85516,0.85545
1474281561,0.85515,0.85547
1474281562,0.85514,0.85545
1474281563,0.8551299999999999,0.85545
1474281563,0.85514,0.85545
1474281564,0.8551299999999999,0.85545
1474281564,0.85512,0.85544
1474281564,0.85512,0.85544
1474281564,0.85512,0.85543
1474281565,0.85511,0.85543
1474281565,0.85512,0.85544
1474281567,0.85511,0.85542
1474281567,0.85509,0.85542
1474281567,0.85509,0.8554
1474281567,0.85508,0.8554
1474281571,0.85508,0.8554
1474281572,0.85509,0.8554
1474281573,0.8551,0.85542
1474281575,0.85509,0.8554
1474281582,0.85509,0.8554
1474281584,0.8551,0.85542
1474281584,0.85511,0.85543
1474281585,0.8551299999999999,0.85545
1474281587,0.8551299999999999,0.85544
1474281588,0.85512,0.85544
1474281588,0.85512,0.85543
1474281592,0.85512,0.85544
1474281594,0.85512,0.85543
1474281594,0.85511,0.85543
1474281595,0.85512,0.85544
1474281595,0.85511,0.85543
1474281595,0.85511,0.85542
1474281595,0.8551,0.85542
1474281595,0.8551,0.8554
1474281599,0.85511,0.85542
1474281599,0.85511,0.85542
1474281599,0.85509,0.8554
1474281600,0.85508,0.8554
1474281600,0.85509,0.8554
1474281601,0.85508,0.8554
1474281601,0.85509,0.8554
1474281601,0.8551,0.8554
1474281602,0.85509,0.8554
1474281602,0.85508,0.8554
1474281603,0.85507,0.85539
1474281603,0.85507,0.85538
1474281604,0.85506,0.85538
1474281604,0.85507,0.85538
1474281604,0.85509,0.85538
1474281604,0.85511,0.85544
1474281604,0.85511,0.85543
1474281604,0.85511,0.85543
1474281604,0.85512,0.85544
1474281605,0.8551299999999999,0.85544
1474281606,0.85512,0.85544
1474281607,0.8551299999999999,0.85544
1474281608,0.8551299999999999,0.85545
1474281609,0.85514,0.85545
1474281609,0.8551299999999999,0.85545
1474281610,0.8551299999999999,0.85544
1474281610,0.85512,0.85544
1474281610,0.8551299999999999,0.85545
1474281613,0.85514,0.85545
1474281614,0.85514,0.85545
1474281614,0.85517,0.85549
1474281615,0.8551800000000001,0.8555
1474281617,0.85519,0.8555
1474281617,0.8551800000000001,0.8555
1474281619,0.85519,0.8555
1474281619,0.8551800000000001,0.8555
1474281620,0.85519,0.8555
1474281622,0.8552,0.8555199999999999
1474281622,0.8552,0.8555
1474281622,0.85522,0.8555199999999999
1474281622,0.85522,0.85554
1474281622,0.85522,0.85555
1474281622,0.85524,0.85555
1474281623,0.85525,0.8555700000000001
1474281623,0.85526,0.8555700000000001
1474281623,0.85527,0.85559
1474281623,0.85527,0.8556
1474281624,0.85529,0.85562
1474281624,0.8552999999999999,0.85562
1474281624,0.8552999999999999,0.85562
1474281625,0.85531,0.85562
1474281625,0.85531,0.85564
1474281626,0.85533,0.85565
1474281626,0.85538,0.8557
1474281626,0.85539,0.85571
1474281626,0.85539,0.85572
1474281626,0.8554,0.85572
1474281626,0.8554,0.85573
1474281626,0.85541,0.8557399999999999
1474281626,0.85542,0.8557399999999999
1474281626,0.85542,0.85573
1474281627,0.85541,0.85572
1474281627,0.85541,0.85571
1474281627,0.8554,0.85572
1474281627,0.8554,0.85572
1474281628,0.8554,0.85571
1474281628,0.85539,0.85571
1474281628,0.8554,0.85571
1474281628,0.8554,0.85572
1474281628,0.85539,0.85572
1474281628,0.85541,0.85572
1474281629,0.85541,0.85573
1474281630,0.85542,0.8557399999999999
1474281630,0.85542,0.8557399999999999
1474281630,0.85542,0.85573
1474281631,0.8554,0.85572
1474281631,0.8554,0.85571
1474281631,0.8554,0.85572
1474281632,0.85541,0.85572
1474281632,0.85541,0.85573
1474281634,0.85541,0.85572
1474281634,0.85542,0.85573
1474281634,0.85542,0.8557399999999999
1474281634,0.85542,0.85573
1474281634,0.85542,0.8557399999999999
1474281635,0.85543,0.85575
1474281637,0.85543,0.8557399999999999
1474281637,0.85543,0.85575
1474281638,0.85544,0.85576
1474281642,0.85544,0.85575
1474281642,0.85543,0.85573
1474281642,0.85541,0.85573
1474281645,0.8554,0.85572
1474281645,0.85541,0.85573
1474281647,0.85541,0.85572
1474281647,0.8554,0.85572
1474281649,0.85541,0.85573
1474281649,0.8554,0.85572
1474281649,0.85542,0.85573
1474281649,0.85542,0.8557399999999999
1474281649,0.85541,0.85573
1474281649,0.85541,0.85573
1474281651,0.85541,0.85572
1474281651,0.8554,0.85572
1474281651,0.85541,0.85573
1474281652,0.85541,0.85573
1474281652,0.85541,0.85573
1474281652,0.85541,0.85572
1474281653,0.8554,0.85572
1474281653,0.85541,0.85572
1474281654,0.85541,0.85573
1474281655,0.85542,0.8557399999999999
1474281655,0.85541,0.85573
1474281659,0.85542,0.85573
1474281660,0.85541,0.85573
1474281660,0.85541,0.85572
1474281660,0.8554,0.85572
1474281660,0.8554,0.85571
1474281661,0.8554,0.85572
1474281661,0.8554,0.85571
1474281663,0.8554,0.85571
1474281663,0.8554,0.8557
1474281663,0.8554,0.85571
1474281663,0.8554,0.85572
1474281663,0.85541,0.85573
1474281663,0.85542,0.85573
1474281664,0.85544,0.85575
1474281665,0.85544,0.8557399999999999
1474281665,0.85544,0.85573
1474281665,0.85543,0.85573
1474281665,0.85543,0.8557399999999999
1474281665,0.85543,0.85573
1474281666,0.85543,0.8557399999999999
1474281667,0.85542,0.8557399999999999
1474281667,0.85541,0.85573
1474281667,0.8554,0.85571
1474281667,0.85539,0.85571
1474281667,0.85539,0.8557
1474281668,0.85539,0.85571
1474281669,0.85539,0.8557
1474281671,0.85539,0.85571
1474281672,0.85539,0.8557
1474281672,0.85539,0.85569
1474281673,0.85538,0.85567
1474281673,0.85537,0.85567
1474281673,0.85536,0.85567
1474281673,0.8553500000000001,0.85567
1474281673,0.8553500000000001,0.85565
1474281674,0.85534,0.85565
1474281676,0.85534,0.85564
1474281676,0.85534,0.85565
1474281678,0.8553500000000001,0.85565
1474281678,0.85534,0.85565
1474281679,0.8553500000000001,0.85565
1474281679,0.85536,0.85565
1474281686,0.85536,0.85567
1474281686,0.85538,0.85569
1474281686,0.85539,0.8557
1474281687,0.85536,0.85565
1474281687,0.8553500000000001,0.85565
1474281688,0.85536,0.85565
1474281689,0.8553500000000001,0.85565
1474281691,0.8553500000000001,0.85567
1474281691,0.8553500000000001,0.85565
1474281692,0.85534,0.85564
1474281693,0.85534,0.85565
1474281694,0.8553500000000001,0.85565
1474281694,0.85536,0.85567
1474281694,0.85536,0.85565
1474281697,0.8553500000000001,0.85565
1474281700,0.8553500000000001,0.85567
1474281700,0.85536,0.85567
1474281706,0.85536,0.85565
1474281706,0.85536,0.85567
1474281707,0.85538,0.8557
1474281707,0.85538,0.85569
1474281707,0.85537,0.85567
1474281707,0.85536,0.85567
1474281726,0.8553500000000001,0.85567
1474281727,0.8553500000000001,0.85565
1474281727,0.85532,0.85562
1474281727,0.85531,0.85562
1474281728,0.85531,0.8556
1474281728,0.8552999999999999,0.8556
1474281728,0.85528,0.8556
1474281729,0.85528,0.85559
1474281730,0.85527,0.85559
1474281730,0.85527,0.8555700000000001
1474281732,0.85526,0.8555700000000001
1474281732,0.85526,0.85555
1474281732,0.85526,0.8555700000000001
1474281739,0.85525,0.85555
1474281739,0.85525,0.85555
1474281739,0.85524,0.85555
1474281742,0.85522,0.85555
1474281742,0.85522,0.8555199999999999
1474281742,0.85522,0.85554
1474281742,0.85522,0.8555199999999999
1474281745,0.85521,0.8555199999999999
1474281746,0.8552,0.8555
1474281746,0.85519,0.8555
1474281746,0.85516,0.85548
1474281746,0.85517,0.85548
1474281746,0.8551800000000001,0.8555
1474281747,0.85522,0.8555199999999999
1474281747,0.85521,0.8555199999999999
1474281747,0.8552,0.8555199999999999
1474281747,0.85521,0.8555199999999999
1474281750,0.85522,0.8555199999999999
1474281750,0.85521,0.8555199999999999
1474281750,0.85522,0.8555199999999999
1474281752,0.85521,0.8555199999999999
1474281752,0.8552,0.8555199999999999
1474281754,0.85521,0.8555199999999999
1474281754,0.85522,0.8555199999999999
1474281757,0.85521,0.8555199999999999
1474281758,0.8552,0.8555199999999999
1474281758,0.85521,0.8555199999999999
1474281764,0.85519,0.8555
1474281764,0.8551800000000001,0.85548
1474281765,0.85517,0.85548
1474281766,0.85516,0.85548
1474281768,0.85517,0.85548
1474281773,0.8551800000000001,0.85549
1474281774,0.8552,0.8555199999999999
1474281774,0.85521,0.8555199999999999
1474281777,0.85522,0.8555199999999999
1474281779,0.85521,0.8555199999999999
1474281791,0.85522,0.8555199999999999
1474281791,0.85522,0.85554
1474281791,0.85523,0.85554
1474281792,0.85523,0.85555
1474281794,0.85524,0.85555
1474281794,0.85525,0.85555
1474281794,0.85525,0.8555700000000001
1474281795,0.85526,0.8555700000000001
1474281802,0.85525,0.8555700000000001
1474281803,0.85526,0.8555700000000001
1474281803,0.85525,0.8555700000000001
1474281803,0.85525,0.85555
1474281804,0.85523,0.85555
1474281804,0.85523,0.85554
1474281804,0.85523,0.8555199999999999
1474281804,0.85521,0.8555199999999999
1474281806,0.85522,0.85554
1474281806,0.85523,0.85555
1474281807,0.85522,0.85554
1474281807,0.85523,0.85554
1474281808,0.85523,0.85555
1474281809,0.85524,0.85555
1474281809,0.85523,0.85555
1474281809,0.8551800000000001,0.85549
1474281809,0.8551800000000001,0.85548
1474281809,0.8551800000000001,0.85549
1474281809,0.8551800000000001,0.85548
1474281809,0.8551800000000001,0.8555
1474281810,0.85517,0.85549
1474281812,0.85516,0.85548
1474281815,0.85516,0.85547
1474281817,0.85512,0.85544
1474281817,0.8551299999999999,0.85544
1474281819,0.8551299999999999,0.85544
1474281819,0.8551299999999999,0.85545
1474281819,0.85514,0.85545
1474281820,0.8551299999999999,0.85545
1474281821,0.85514,0.85545
1474281823,0.85515,0.85545
1474281823,0.85514,0.85545
1474281823,0.8551299999999999,0.85545
1474281823,0.8551,0.8554
1474281823,0.85509,0.8554
1474281824,0.85508,0.85539
1474281824,0.85508,0.85538
1474281824,0.85507,0.85538
1474281824,0.85506,0.85537
1474281824,0.85506,0.85538
1474281824,0.85505,0.8553500000000001
1474281825,0.85503,0.85533
1474281825,0.85502,0.85533
1474281825,0.85502,0.85534
1474281826,0.85506,0.8553500000000001
1474281827,0.85507,0.8553500000000001
1474281827,0.85505,0.8553500000000001
1474281827,0.85505,0.85537
1474281827,0.85508,0.85538
1474281827,0.85507,0.85538
1474281828,0.85507,0.85537
1474281828,0.85506,0.85537
1474281828,0.85506,0.8553500000000001
1474281828,0.85504,0.85534
1474281829,0.85503,0.8553500000000001
1474281830,0.85503,0.85534
1474281830,0.85502,0.85534
1474281830,0.85502,0.85533
1474281831,0.85501,0.85532
1474281831,0.85501,0.85533
1474281832,0.85501,0.85533
1474281832,0.855,0.85532
1474281832,0.85501,0.85533
1474281833,0.85501,0.85532
1474281836,0.85501,0.85532
1474281836,0.855,0.85532
1474281836,0.85502,0.85532
1474281836,0.85503,0.85533
1474281836,0.85501,0.85533
1474281837,0.85502,0.85532
1474281837,0.85502,0.85533
1474281837,0.85501,0.8552999999999999
1474281839,0.85501,0.85532
1474281839,0.85502,0.85532
1474281839,0.85501,0.85533
1474281839,0.85502,0.85533
1474281840,0.85502,0.85533
1474281840,0.85501,0.85533
1474281840,0.855,0.8552999999999999
1474281840,0.85501,0.8552999999999999
1474281841,0.855,0.8552999999999999
1474281841,0.85499,0.85532
1474281841,0.855,0.8552999999999999
1474281842,0.85501,0.8552999999999999
1474281842,0.85501,0.8552999999999999
1474281843,0.855,0.8552999999999999
1474281843,0.85501,0.8552999999999999
1474281844,0.85502,0.85533
1474281844,0.85502,0.85532
1474281845,0.85501,0.85533
1474281845,0.85504,0.85533
1474281845,0.85503,0.85533
1474281845,0.85504,0.85533
1474281845,0.85504,0.85534
1474281846,0.85504,0.85533
1474281846,0.85504,0.85534
1474281848,0.85504,0.85533
1474281848,0.85503,0.85533
1474281850,0.85502,0.85533
1474281851,0.85502,0.85534
1474281851,0.85503,0.85534
1474281851,0.85503,0.8553500000000001
1474281851,0.85504,0.8553500000000001
1474281851,0.85505,0.8553500000000001
1474281851,0.85503,0.8553500000000001
1474281851,0.85503,0.85534
1474281851,0.85502,0.85534
1474281854,0.85502,0.85533
1474281854,0.85501,0.85532
1474281854,0.855,0.8552999999999999
1474281855,0.85501,0.8552999999999999
1474281855,0.855,0.8552999999999999
1474281855,0.85501,0.8552999999999999
1474281855,0.85502,0.8552999999999999
1474281855,0.85501,0.85532
1474281856,0.85502,0.8552999999999999
1474281856,0.8551,0.8554
1474281856,0.85508,0.8554
1474281856,0.85511,0.85542
1474281856,0.85511,0.85543
1474281857,0.85512,0.85543
1474281857,0.85511,0.85542
1474281857,0.85511,0.85543
1474281857,0.85511,0.85542
1474281857,0.85509,0.8554
1474281857,0.8551,0.8554
1474281859,0.8551,0.85542
1474281861,0.85507,0.85539
1474281862,0.85506,0.85538
1474281862,0.85507,0.85538
1474281862,0.85506,0.85538
1474281862,0.85506,0.85538
1474281862,0.85507,0.85537
1474281864,0.85506,0.85537
1474281867,0.85506,0.8553500000000001
1474281869,0.85505,0.8553500000000001
1474281869,0.85505,0.8553500000000001
1474281870,0.85503,0.85533
1474281870,0.85503,0.85533
1474281871,0.85503,0.85532
1474281872,0.85502,0.85532
1474281873,0.85502,0.85532
1474281873,0.85503,0.85532
1474281874,0.85503,0.8552999999999999
1474281874,0.85502,0.85529
1474281875,0.85503,0.8552999999999999
1474281875,0.85503,0.85529
1474281875,0.85502,0.8552999999999999
1474281877,0.85503,0.8552999999999999
1474281877,0.85503,0.85533
1474281877,0.85503,0.85534
1474281877,0.85502,0.85534
1474281878,0.85502,0.85533
1474281878,0.85503,0.85533
1474281882,0.85502,0.85532
1474281884,0.85502,0.85533
1474281890,0.85505,0.85537
1474281890,0.85505,0.85537
1474281890,0.85506,0.85537
1474281891,0.85506,0.85537
1474281892,0.85505,0.85537
1474281894,0.85505,0.8553500000000001
1474281894,0.85505,0.8553500000000001
1474281896,0.85506,0.8553500000000001
1474281896,0.85506,0.85537
1474281898,0.85505,0.85537
1474281898,0.85504,0.8553500000000001
1474281900,0.85505,0.8553500000000001
1474281901,0.85504,0.8553500000000001
1474281902,0.85505,0.8553500000000001
1474281907,0.85506,0.85537
1474281907,0.85506,0.85538
1474281907,0.85507,0.85538
1474281907,0.85507,0.85538
1474281908,0.85507,0.85538
1474281910,0.85507,0.85538
1474281910,0.85506,0.85538
1474281911,0.85506,0.85539
1474281911,0.85506,0.85537
1474281912,0.85507,0.85538
1474281912,0.85507,0.85539
1474281915,0.85506,0.85539
1474281916,0.85506,0.85538
1474281916,0.85508,0.85538
1474281917,0.85508,0.85539
1474281918,0.85509,0.85539
1474281919,0.8551,0.85539
1474281919,0.85509,0.85539
1474281922,0.8551,0.85539
1474281922,0.85509,0.85539
1474281922,0.8551,0.8554
1474281922,0.85511,0.8554
1474281923,0.85512,0.8554
1474281923,0.85511,0.8554
1474281923,0.85512,0.8554
1474281923,0.8551,0.8554
1474281923,0.85509,0.8554
1474281924,0.85509,0.85539
1474281924,0.85507,0.85538
1474281924,0.85503,0.85532
1474281924,0.85504,0.85534
1474281924,0.85505,0.85534
1474281924,0.85504,0.85534
1474281925,0.85505,0.85534
1474281925,0.85504,0.85534
1474281925,0.85503,0.85534
1474281925,0.85504,0.85534
1474281927,0.85503,0.85534
1474281927,0.85504,0.85534
1474281928,0.85504,0.85534
1474281928,0.85503,0.85534
1474281929,0.85504,0.8553500000000001
1474281929,0.85505,0.85537
1474281930,0.85504,0.8553500000000001
1474281930,0.85505,0.85537
1474281930,0.85505,0.85537
1474281932,0.85504,0.8553500000000001
1474281933,0.85505,0.85537
1474281933,0.85505,0.8553500000000001
1474281933,0.85504,0.8553500000000001
1474281934,0.85504,0.85534
1474281934,0.85504,0.8553500000000001
1474281934,0.85503,0.8553500000000001
1474281934,0.85504,0.8553500000000001
1474281934,0.85503,0.8553500000000001
1474281935,0.85503,0.85534
1474281935,0.85503,0.8553500000000001
1474281936,0.85504,0.85537
1474281936,0.85505,0.85537
1474281936,0.85507,0.85539
1474281937,0.85507,0.85537
1474281940,0.85505,0.85537
1474281940,0.85504,0.8553500000000001
1474281940,0.85503,0.8553500000000001
1474281940,0.85504,0.8553500000000001
1474281941,0.85503,0.8553500000000001
1474281941,0.85502,0.85534
1474281941,0.85503,0.8553500000000001
1474281941,0.85503,0.85534
1474281941,0.85503,0.85533
1474281941,0.85503,0.85534
1474281942,0.85504,0.85534
1474281943,0.85503,0.85534
1474281943,0.85503,0.85533
1474281943,0.85502,0.85533
1474281947,0.85501,0.85533
1474281947,0.85499,0.8552999999999999
1474281948,0.85499,0.8552999999999999
1474281949,0.85498,0.8552999999999999
1474281951,0.85499,0.85527
1474281954,0.85498,0.85527
1474281956,0.85497,0.85527
1474281956,0.85498,0.85527
1474281957,0.85497,0.85527
1474281959,0.85498,0.85527
1474281960,0.85499,0.85527
1474281961,0.85499,0.85527
1474281961,0.85499,0.85528
1474281962,0.85499,0.8552999999999999
1474281962,0.855,0.8552999999999999
1474281964,0.855,0.85532
1474281964,0.855,0.8552999999999999
1474281966,0.85499,0.8552999999999999
1474281971,0.855,0.8552999999999999
1474281971,0.85499,0.8552999999999999
1474281971,0.855,0.8552999999999999
1474281972,0.85499,0.8552999999999999
1474281974,0.85501,0.8552999999999999
1474281977,0.85501,0.85532
1474281977,0.85502,0.85532
1474281977,0.85501,0.85532
1474281977,0.85502,0.85532
1474281977,0.85503,0.85534
1474281977,0.85503,0.8553500000000001
1474281978,0.85503,0.85534
1474281979,0.85504,0.85534
1474281979,0.85505,0.85537
1474281979,0.85506,0.85537
1474281979,0.85506,0.85538
1474281979,0.85506,0.85537
1474281980,0.85507,0.85537
1474281980,0.85507,0.85538
1474281983,0.85506,0.85538
1474281983,0.85506,0.85538
1474281983,0.85509,0.8554
1474281983,0.85508,0.8554
1474281984,0.85509,0.8554
1474281988,0.85508,0.8554
1474281989,0.85508,0.85539
1474281989,0.85507,0.85539
1474281992,0.85506,0.85537
1474281992,0.85505,0.85537
1474281992,0.85505,0.8553500000000001
1474281993,0.85504,0.8553500000000001
1474281993,0.85504,0.85534
1474281994,0.85503,0.85534
1474282001,0.85503,0.8553500000000001
1474282004,0.85503,0.85534
1474282005,0.85503,0.8553500000000001
1474282005,0.85504,0.8553500000000001
1474282006,0.85504,0.8553500000000001
1474282006,0.85506,0.85538
1474282007,0.85507,0.85539
1474282013,0.85508,0.85539
1474282013,0.85508,0.8554
1474282015,0.85509,0.8554
1474282018,0.8551,0.8554
1474282020,0.85509,0.8554
1474282021,0.85508,0.8554
1474282025,0.85509,0.8554
1474282025,0.85507,0.85539
1474282026,0.85506,0.85538
1474282027,0.85504,0.8553500000000001
1474282027,0.855,0.85532
1474282027,0.85499,0.8552999999999999
1474282027,0.85497,0.85529
1474282027,0.85498,0.85529
1474282027,0.85497,0.85529
1474282029,0.85495,0.85527
1474282029,0.85494,0.85525
1474282029,0.85493,0.85525
1474282031,0.85494,0.85525
1474282031,0.85494,0.85524
1474282031,0.85493,0.85524
1474282032,0.85494,0.85524
1474282033,0.85493,0.85524
1474282033,0.8549099999999999,0.85523
1474282036,0.8549099999999999,0.85522
1474282036,0.85492,0.85522
1474282036,0.85492,0.85523
1474282037,0.8549099999999999,0.85522
1474282038,0.85492,0.85522
1474282038,0.85492,0.85524
1474282039,0.85494,0.85526
1474282039,0.85495,0.85526
1474282040,0.85494,0.85526
1474282041,0.85494,0.85526
1474282042,0.85495,0.85526
1474282042,0.85494,0.85526
1474282042,0.85495,0.85526
1474282043,0.85497,0.85527
1474282045,0.85498,0.85527
1474282045,0.85498,0.85527
1474282047,0.85497,0.85528
1474282048,0.85498,0.85528
1474282054,0.85497,0.85528
1474282055,0.85498,0.85528
1474282055,0.85498,0.85528
1474282057,0.85497,0.85528
1474282058,0.85497,0.85528
1474282061,0.85497,0.85529
1474282067,0.8549600000000001,0.85528
1474282068,0.85493,0.85525
1474282068,0.85492,0.85524
1474282068,0.85492,0.85523
1474282069,0.85492,0.85524
1474282069,0.8549099999999999,0.85523
1474282069,0.8549,0.85522
1474282070,0.8549099999999999,0.85522
1474282070,0.8549,0.85522
1474282070,0.85489,0.85521
1474282070,0.85488,0.8552
1474282070,0.85489,0.8552
1474282071,0.85488,0.8552
1474282072,0.85487,0.85519
1474282073,0.85486,0.8551800000000001
1474282074,0.85487,0.8551800000000001
1474282074,0.85486,0.8551800000000001
1474282075,0.85489,0.8551800000000001
1474282075,0.85488,0.8551800000000001
1474282075,0.85489,0.8551800000000001
1474282076,0.85489,0.8552
1474282076,0.8549099999999999,0.8552
1474282078,0.85489,0.85521
1474282078,0.85489,0.8552
1474282079,0.85488,0.8552
1474282079,0.85488,0.85519
1474282081,0.85488,0.8551800000000001
1474282081,0.85488,0.85517
1474282081,0.85488,0.8551800000000001
1474282081,0.85486,0.85517
1474282083,0.85485,0.85516
1474282083,0.85484,0.85515
1474282085,0.85485,0.85515
1474282085,0.85485,0.85516
1474282085,0.85485,0.85517
1474282085,0.85485,0.85516
1474282086,0.85484,0.85516
1474282086,0.85485,0.85517
1474282087,0.85485,0.85517
1474282087,0.85484,0.85516
1474282088,0.85485,0.85517
1474282088,0.85485,0.85517
1474282088,0.85484,0.85516
1474282090,0.85485,0.85517
1474282090,0.85488,0.85517
1474282090,0.85488,0.8551800000000001
1474282091,0.85489,0.8552
1474282092,0.8549099999999999,0.85524
1474282093,0.85492,0.85524
1474282093,0.85492,0.85523
1474282093,0.85492,0.85524
1474282097,0.85492,0.85525
1474282097,0.85493,0.85525
1474282097,0.85494,0.85525
1474282097,0.85494,0.85526
1474282098,0.85495,0.85526
1474282102,0.85495,0.85527
1474282107,0.85497,0.85528
1474282107,0.85498,0.85527
1474282107,0.85498,0.85528
1474282108,0.85497,0.85528
1474282108,0.85498,0.85528
1474282108,0.85497,0.85528
1474282115,0.85498,0.85528
1474282115,0.85498,0.85529
1474282115,0.85499,0.85529
1474282115,0.85499,0.8552999999999999
1474282117,0.85498,0.8552999999999999
1474282117,0.85497,0.85529
1474282117,0.85498,0.8552999999999999
1474282118,0.85497,0.85529
1474282119,0.8549600000000001,0.85528
1474282119,0.85495,0.85527
1474282120,0.85493,0.85526
1474282120,0.85493,0.85525
1474282120,0.85494,0.85526
1474282120,0.85493,0.85525
1474282120,0.85494,0.85526
1474282122,0.85493,0.85525
1474282123,0.85493,0.85526
1474282127,0.85492,0.85525
1474282130,0.85492,0.85525
1474282130,0.8549099999999999,0.85523
1474282131,0.8549099999999999,0.85522
1474282131,0.8549,0.85523
1474282131,0.8549,0.85521
1474282131,0.85489,0.85521
1474282131,0.8549,0.8552
1474282134,0.85488,0.8552
1474282134,0.85489,0.8552
1474282135,0.85488,0.8552
1474282136,0.85488,0.8552
1474282139,0.85488,0.85519
1474282142,0.85487,0.85519
1474282143,0.85488,0.85519
1474282143,0.85489,0.85519
1474282143,0.8549,0.8552
1474282143,0.8549,0.85521
1474282143,0.8549099999999999,0.85521
1474282144,0.8549,0.85521
1474282144,0.85488,0.8552
1474282144,0.85489,0.8552
1474282153,0.8549,0.85522
1474282153,0.8549099999999999,0.85522
1474282154,0.8549,0.85522
1474282154,0.8549099999999999,0.85522
1474282154,0.85492,0.85523
1474282156,0.85492,0.85524
1474282157,0.8549099999999999,0.85523
1474282158,0.8549,0.85523
1474282158,0.8549099999999999,0.85523
1474282158,0.8549099999999999,0.85522
1474282158,0.8549,0.85522
1474282158,0.8549,0.85521
1474282159,0.85489,0.85521
1474282163,0.85488,0.8552
1474282163,0.85488,0.8552
1474282163,0.85489,0.85521
1474282165,0.8549099999999999,0.85521
1474282170,0.8549099999999999,0.85522
1474282172,0.85492,0.85522
1474282173,0.8549099999999999,0.85522
1474282176,0.85492,0.85522
1474282177,0.8549099999999999,0.85522
1474282177,0.85492,0.85522
1474282178,0.8549099999999999,0.85522
1474282178,0.8549099999999999,0.85523
1474282178,0.85492,0.85524
1474282179,0.85493,0.85524
1474282179,0.85493,0.85524
1474282180,0.85493,0.85525
1474282184,0.85492,0.85524
1474282186,0.85492,0.85524
1474282187,0.8549099999999999,0.85523
1474282188,0.85492,0.85523
1474282188,0.85493,0.85525
1474282188,0.85494,0.85526
1474282190,0.85495,0.85526
1474282191,0.85494,0.85526
1474282191,0.85494,0.85527
1474282191,0.85495,0.85527
1474282192,0.85493,0.85525
1474282192,0.85493,0.85524
1474282192,0.85492,0.85524
1474282193,0.85494,0.85525
1474282193,0.85494,0.85525
1474282197,0.85493,0.85525
1474282198,0.85494,0.85525
1474282200,0.85494,0.85526
1474282200,0.85495,0.85526
1474282200,0.85495,0.85527
1474282200,0.8549600000000001,0.85527
1474282200,0.85495,0.85527
1474282205,0.85494,0.85526
1474282205,0.85494,0.85525
1474282205,0.85493,0.85525
1474282205,0.85492,0.85524
1474282206,0.8549099999999999,0.85523
1474282206,0.8549099999999999,0.85522
1474282206,0.8549,0.85522
1474282208,0.85489,0.85521
1474282208,0.85489,0.8552
1474282208,0.85489,0.85521
1474282213,0.85489,0.8552
1474282213,0.85488,0.8552
1474282213,0.85489,0.85521
1474282216,0.85488,0.8552
1474282216,0.85486,0.8551800000000001
1474282216,0.85487,0.85519
1474282216,0.85486,0.8551800000000001
1474282216,0.85487,0.85519
1474282216,0.85488,0.85519
1474282217,0.85487,0.85519
1474282217,0.85488,0.85519
1474282218,0.85488,0.85519
1474282218,0.85487,0.85519
1474282219,0.85487,0.8551800000000001
1474282219,0.85486,0.85517
1474282219,0.85486,0.8551800000000001
1474282219,0.85488,0.85519
1474282219,0.85488,0.85519
1474282219,0.8549,0.85522
1474282220,0.85489,0.85521
1474282221,0.85489,0.85522
1474282221,0.85492,0.85523
1474282222,0.85495,0.85527
1474282222,0.8549600000000001,0.85527
1474282222,0.8549600000000001,0.85528
1474282224,0.85495,0.85527
1474282225,0.8549099999999999,0.85523
1474282229,0.8549099999999999,0.85523
1474282229,0.8549,0.85522
1474282231,0.85489,0.8552
1474282232,0.85489,0.8552
1474282232,0.8549,0.8552
1474282232,0.85489,0.8552
1474282233,0.8549,0.8552
1474282233,0.85489,0.8552
1474282233,0.8549,0.8552
1474282233,0.85489,0.8552
1474282233,0.8549,0.8552
1474282233,0.8549,0.8552
1474282233,0.85489,0.8552
1474282233,0.8549,0.8552
1474282234,0.85489,0.8552
1474282234,0.8549,0.8552
1474282234,0.85489,0.8552
1474282234,0.8549,0.8552
1474282234,0.85489,0.8552
1474282234,0.8549099999999999,0.85522
1474282234,0.85493,0.85523
1474282234,0.8549600000000001,0.85526
1474282239,0.85498,0.85529
1474282240,0.85498,0.8552999999999999
1474282240,0.85497,0.8552999999999999
1474282240,0.85498,0.8552999999999999
1474282240,0.85499,0.8552999999999999
1474282241,0.85503,0.85533
1474282241,0.85502,0.85533
1474282241,0.85503,0.85533
1474282241,0.85504,0.85534
1474282241,0.85504,0.8553500000000001
1474282242,0.85506,0.8553500000000001
1474282243,0.85505,0.8553500000000001
1474282243,0.85505,0.85537
1474282244,0.85504,0.8553500000000001
1474282244,0.85505,0.85537
1474282245,0.85504,0.8553500000000001
1474282245,0.85503,0.8553500000000001
1474282245,0.85502,0.85534
1474282246,0.85502,0.85534
1474282247,0.85502,0.85533
1474282249,0.85502,0.85534
1474282253,0.85503,0.85534
1474282253,0.85503,0.8553500000000001
1474282254,0.85504,0.8553500000000001
1474282257,0.85505,0.8553500000000001
1474282258,0.85504,0.8553500000000001
1474282258,0.85505,0.85537
1474282258,0.85505,0.85537
1474282259,0.85505,0.85538
1474282259,0.85507,0.85538
1474282260,0.8551,0.8554
1474282260,0.8551,0.85542
1474282265,0.85512,0.85544
1474282268,0.85511,0.85544
1474282269,0.85511,0.85544
1474282270,0.85511,0.85544
1474282271,0.85511,0.85543
1474282272,0.85512,0.85545
1474282272,0.85512,0.85545
1474282272,0.8551299999999999,0.85545
1474282273,0.85512,0.85544
1474282276,0.85511,0.85544
1474282276,0.8551,0.85542
1474282276,0.85512,0.85544
1474282277,0.8551299999999999,0.85545
1474282278,0.8551299999999999,0.85545
1474282278,0.85516,0.85547
1474282279,0.8551800000000001,0.8555
1474282279,0.85516,0.85549
1474282279,0.85515,0.85548
1474282280,0.85516,0.85548
1474282280,0.85517,0.85548
1474282280,0.85517,0.85549
1474282281,0.85516,0.85549
1474282281,0.85517,0.85549
1474282281,0.85516,0.85549
1474282281,0.85516,0.85548
1474282282,0.85515,0.85548
1474282283,0.85517,0.85549
1474282284,0.8551800000000001,0.8555
1474282286,0.85517,0.85549
1474282291,0.85515,0.85548
1474282292,0.85515,0.85547
1474282306,0.85512,0.85544
1474282306,0.85511,0.85544
1474282306,0.85511,0.85543
1474282306,0.8551,0.85543
1474282306,0.85509,0.85542
1474282306,0.85509,0.8554
1474282308,0.85508,0.8554
1474282308,0.85507,0.8554
1474282308,0.85508,0.8554
1474282312,0.85508,0.85539
1474282312,0.85507,0.85539
1474282312,0.85506,0.85539
1474282312,0.85507,0.85539
1474282312,0.85506,0.85538
1474282312,0.85507,0.85539
1474282313,0.85508,0.85539
1474282318,0.85507,0.85539
1474282318,0.85507,0.8554
1474282320,0.85508,0.8554
1474282320,0.85508,0.85539
1474282322,0.85508,0.85539
1474282322,0.85508,0.85539
1474282322,0.85507,0.85539
1474282327,0.85508,0.85539
1474282327,0.85509,0.8554
1474282327,0.85509,0.85542
1474282327,0.85508,0.8554
1474282327,0.85505,0.85537
1474282327,0.85505,0.85538
1474282328,0.85505,0.85537
1474282328,0.85504,0.85537
1474282328,0.85505,0.85537
1474282328,0.85503,0.8553500000000001
1474282329,0.85502,0.8553500000000001
1474282329,0.85503,0.8553500000000001
1474282331,0.85502,0.85534
1474282331,0.85501,0.85534
1474282334,0.855,0.85532
1474282334,0.855,0.85533
1474282335,0.85501,0.85533
1474282335,0.855,0.85533
1474282336,0.85501,0.85533
1474282336,0.85502,0.85534
1474282337,0.85503,0.8553500000000001
1474282340,0.85504,0.8553500000000001
1474282340,0.85505,0.85537
1474282340,0.85506,0.85538
1474282340,0.85506,0.85539
1474282341,0.85507,0.85539
1474282348,0.85507,0.85538
1474282348,0.85506,0.85538
1474282350,0.8551299999999999,0.85543
1474282352,0.85512,0.85544
1474282352,0.85511,0.85544
1474282353,0.85512,0.85544
1474282353,0.85511,0.85544
1474282354,0.85512,0.85544
1474282354,0.85511,0.85543
1474282361,0.85511,0.85544
1474282365,0.85512,0.85544
1474282367,0.85511,0.85544
1474282367,0.85511,0.85543
1474282368,0.85512,0.85543
1474282368,0.8551299999999999,0.85544
1474282369,0.85512,0.85544
1474282369,0.85512,0.85545
1474282369,0.8551299999999999,0.85545
1474282370,0.85512,0.85544
1474282372,0.85512,0.85543
1474282372,0.85512,0.85544
1474282373,0.85512,0.85545
1474282373,0.85512,0.85544
1474282373,0.85512,0.85543
1474282374,0.85511,0.85543
1474282379,0.85511,0.85544
1474282382,0.85512,0.85544
1474282383,0.85512,0.85543
1474282383,0.85511,0.85542
1474282383,0.85508,0.8554
1474282383,0.85509,0.8554
1474282383,0.85508,0.8554
1474282384,0.85509,0.8554
1474282386,0.85508,0.8554
1474282386,0.85509,0.8554
1474282386,0.85508,0.8554
1474282395,0.8551,0.8554
1474282395,0.85509,0.8554
1474282395,0.85509,0.85542
1474282395,0.8551,0.85542
1474282397,0.85509,0.8554
1474282398,0.85508,0.8554
1474282398,0.85508,0.85539
1474282399,0.85507,0.85539
1474282399,0.85506,0.85538
1474282399,0.85507,0.85539
1474282400,0.85507,0.85538
1474282410,0.85506,0.85538
1474282410,0.85505,0.85538
1474282410,0.85505,0.85537
1474282411,0.85503,0.8553500000000001
1474282412,0.85504,0.8553500000000001
1474282413,0.85502,0.85534
1474282416,0.85501,0.85533
1474282418,0.85501,0.85533
1474282419,0.85502,0.85533
1474282421,0.85501,0.85533
1474282421,0.85501,0.85532
1474282422,0.85501,0.85533
1474282422,0.85501,0.85532
1474282424,0.855,0.85532
1474282426,0.855,0.85533
1474282427,0.85501,0.85533
1474282434,0.855,0.85533
1474282435,0.855,0.85532
1474282437,0.85501,0.85533
1474282437,0.855,0.85533
1474282438,0.855,0.85532
1474282440,0.85501,0.85532
1474282441,0.85499,0.8552999999999999
1474282441,0.855,0.85532
1474282441,0.85499,0.8552999999999999
1474282441,0.855,0.85532
1474282441,0.85501,0.85532
1474282442,0.855,0.85532
1474282445,0.85501,0.85532
1474282446,0.855,0.85532
1474282446,0.85501,0.85532
1474282449,0.855,0.85532
1474282450,0.85501,0.85532
1474282451,0.855,0.85532
1474282454,0.85501,0.85532
1474282457,0.85501,0.85533
1474282457,0.85501,0.85534
1474282457,0.85501,0.85533
1474282458,0.85501,0.85534
1474282458,0.85502,0.85534
1474282459,0.85503,0.85534
1474282460,0.85503,0.8553500000000001
1474282463,0.85502,0.85534
1474282463,0.85503,0.8553500000000001
1474282463,0.85503,0.8553500000000001
1474282463,0.85502,0.85534
1474282464,0.85503,0.8553500000000001
1474282464,0.85502,0.85534
1474282466,0.85501,0.85533
1474282466,0.855,0.85533
1474282466,0.85498,0.85529
1474282467,0.85498,0.85529
1474282468,0.85498,0.85529
1474282469,0.85501,0.85533
1474282469,0.85502,0.85533
1474282472,0.85503,0.85534
1474282472,0.85503,0.8553500000000001
1474282472,0.85505,0.8553500000000001
1474282473,0.85504,0.8553500000000001
1474282474,0.85505,0.8553500000000001
1474282475,0.85507,0.85538
1474282475,0.85508,0.85538
1474282475,0.85508,0.8554
1474282476,0.85508,0.8554
1474282477,0.85509,0.8554
1474282477,0.8551,0.8554
1474282478,0.8551,0.85542
1474282485,0.8551,0.85543
1474282486,0.85511,0.85543
1474282487,0.85509,0.85542
1474282487,0.85507,0.8554
1474282487,0.85508,0.8554
1474282488,0.85508,0.8554
1474282488,0.85507,0.85539
1474282488,0.85508,0.8554
1474282489,0.85508,0.8554
1474282490,0.85509,0.8554
1474282490,0.8551,0.8554
1474282490,0.8551,0.85542
1474282492,0.85511,0.85542
1474282493,0.8551,0.85542
1474282493,0.8551,0.8554
1474282493,0.8551,0.85542
1474282493,0.85511,0.85542
1474282493,0.85511,0.85543
1474282493,0.85511,0.85544
1474282494,0.8551299999999999,0.85544
1474282494,0.8551299999999999,0.85545
1474282495,0.8551299999999999,0.85544
1474282495,0.8551299999999999,0.85545
1474282497,0.85514,0.85545
1474282497,0.85516,0.85545
1474282497,0.85516,0.85547
1474282497,0.85516,0.85547
1474282498,0.85519,0.8555
1474282498,0.85521,0.85554
1474282503,0.85523,0.85555
1474282507,0.85523,0.85554
1474282507,0.85523,0.85554
1474282512,0.85522,0.8555199999999999
1474282512,0.85521,0.8555199999999999
1474282513,0.8552,0.8555199999999999
1474282516,0.85519,0.8555
1474282519,0.85519,0.8555
1474282519,0.8551800000000001,0.8555
1474282521,0.85517,0.85549
1474282521,0.85516,0.85548
1474282521,0.85515,0.85548
1474282522,0.85516,0.85548
1474282522,0.85515,0.85548
1474282522,0.85516,0.85548
1474282522,0.85515,0.85548
1474282523,0.85516,0.85548
1474282523,0.85515,0.85548
1474282523,0.85515,0.85548
1474282524,0.85515,0.85548
1474282524,0.85514,0.85547
1474282524,0.85514,0.85545
1474282525,0.85515,0.85547
1474282528,0.85514,0.85545
1474282528,0.85515,0.85547
1474282528,0.85516,0.85547
1474282529,0.85516,0.85548
1474282530,0.85517,0.85548
1474282530,0.8551800000000001,0.8555
1474282530,0.85521,0.8555
1474282530,0.8552,0.8555199999999999
1474282530,0.85521,0.8555199999999999
1474282530,0.8552,0.8555199999999999
1474282531,0.85521,0.8555199999999999
1474282538,0.8552,0.8555199999999999
1474282538,0.85521,0.8555199999999999
1474282538,0.8552,0.8555
1474282538,0.8552,0.8555199999999999
1474282545,0.85519,0.8555199999999999
1474282546,0.8552,0.8555199999999999
1474282549,0.85521,0.8555199999999999
1474282550,0.85522,0.8555199999999999
1474282551,0.85521,0.8555199999999999
1474282552,0.85521,0.8555199999999999
1474282553,0.8552,0.8555199999999999
1474282557,0.85521,0.8555199999999999
1474282558,0.8552,0.8555199999999999
1474282558,0.85521,0.8555199999999999
1474282558,0.8552,0.8555199999999999
1474282559,0.85519,0.8555
1474282559,0.85519,0.8555199999999999
1474282559,0.85519,0.8555
1474282559,0.85517,0.8555
1474282559,0.85517,0.85549
1474282559,0.85515,0.85547
1474282559,0.85514,0.85545
1474282561,0.85514,0.85545
1474282564,0.85515,0.85547
1474282565,0.85515,0.85548
1474282565,0.85516,0.85549
1474282565,0.8551800000000001,0.8555
1474282565,0.85519,0.8555199999999999
1474282565,0.85519,0.8555
1474282569,0.85519,0.8555199999999999
1474282569,0.8552,0.8555199999999999
1474282577,0.85521,0.8555199999999999
1474282577,0.8552,0.8555199999999999
1474282577,0.85521,0.8555199999999999
1474282577,0.85521,0.8555199999999999
1474282586,0.8552,0.8555199999999999
1474282587,0.85521,0.8555199999999999
1474282590,0.85521,0.8555199999999999
1474282592,0.8552,0.8555199999999999
1474282592,0.85521,0.8555199999999999
1474282592,0.8552,0.8555199999999999
1474282594,0.85521,0.8555199999999999
1474282598,0.85521,0.85554
1474282598,0.85521,0.8555199999999999
1474282599,0.85519,0.8555
1474282599,0.8551800000000001,0.85549
1474282599,0.85517,0.85548
1474282600,0.85516,0.85548
1474282600,0.85515,0.85548
1474282600,0.85516,0.85548
1474282601,0.85517,0.85548
1474282604,0.85517,0.85549
1474282604,0.85516,0.85548
1474282607,0.85517,0.85549
1474282607,0.85516,0.85548
1474282607,0.85515,0.85548
1474282608,0.85514,0.85545
1474282608,0.8551299999999999,0.85545
1474282608,0.85512,0.85544
1474282609,0.8551299999999999,0.85544
1474282609,0.85512,0.85544
1474282609,0.8551299999999999,0.85545
1474282609,0.85514,0.85545
1474282609,0.85514,0.85547
1474282610,0.85516,0.85549
1474282610,0.85517,0.85549
1474282610,0.8551800000000001,0.8555
1474282610,0.85517,0.8555
1474282610,0.85517,0.85549
1474282610,0.8551800000000001,0.8555
1474282611,0.85517,0.85549
1474282611,0.8551800000000001,0.8555
1474282611,0.85519,0.8555
1474282611,0.8552,0.8555
1474282611,0.85519,0.8555
1474282612,0.8552,0.8555
1474282612,0.8552,0.8555199999999999
1474282612,0.85519,0.8555
1474282614,0.8552,0.8555199999999999
1474282614,0.8552,0.8555
1474282615,0.8552,0.8555199999999999
1474282615,0.85519,0.8555
1474282616,0.8551800000000001,0.8555
1474282616,0.8551800000000001,0.85549
1474282616,0.8551800000000001,0.8555
1474282616,0.85519,0.8555
1474282618,0.8551800000000001,0.8555
1474282618,0.85519,0.8555
1474282620,0.85519,0.8555
1474282621,0.8552,0.8555199999999999
1474282623,0.8552,0.8555
1474282623,0.85519,0.8555
1474282624,0.8551800000000001,0.8555
1474282624,0.85519,0.8555
1474282625,0.8551800000000001,0.8555
1474282631,0.85517,0.85549
1474282641,0.85516,0.85548
1474282644,0.85515,0.85547
1474282644,0.85514,0.85545
1474282644,0.85512,0.85545
1474282648,0.85512,0.85543
1474282648,0.85511,0.85543
1474282648,0.8551,0.85543
1474282648,0.8551,0.85543
1474282649,0.8551,0.85542
1474282649,0.8551,0.85543
1474282650,0.85511,0.85543
1474282650,0.85512,0.85545
1474282651,0.85512,0.85544
1474282651,0.85512,0.85545
1474282652,0.8551299999999999,0.85545
1474282653,0.85514,0.85545
1474282657,0.8551299999999999,0.85545
1474282657,0.85511,0.85543
1474282658,0.8551,0.85543
1474282659,0.8551,0.85542
1474282660,0.85509,0.8554
1474282660,0.8551,0.85542
1474282663,0.85509,0.8554
1474282663,0.85508,0.8554
1474282663,0.85507,0.85539
1474282664,0.85508,0.8554
1474282672,0.85509,0.8554
1474282672,0.85508,0.8554
1474282672,0.85509,0.85542
1474282672,0.8551,0.85542
1474282672,0.85509,0.8554
1474282677,0.85508,0.8554
1474282677,0.85508,0.85539
1474282678,0.85508,0.8554
1474282679,0.85508,0.85539
1474282680,0.85508,0.8554
1474282684,0.85509,0.8554
1474282684,0.85508,0.8554
1474282685,0.85507,0.85539
1474282686,0.85506,0.85538
1474282686,0.85507,0.85539
1474282686,0.85508,0.8554
1474282686,0.8551,0.85543
1474282687,0.85511,0.85543
1474282687,0.85512,0.85543
1474282687,0.85512,0.85544
1474282687,0.85512,0.85544
1474282687,0.85511,0.85544
1474282687,0.85511,0.85543
1474282688,0.85512,0.85543
1474282689,0.85512,0.85544
1474282692,0.85512,0.85544
1474282692,0.85511,0.85543
1474282692,0.85512,0.85544
1474282693,0.85511,0.85543
1474282693,0.85512,0.85544
1474282696,0.85512,0.85543
1474282698,0.85511,0.85543
1474282699,0.85512,0.85543
1474282699,0.85512,0.85544
1474282699,0.8551299999999999,0.85545
1474282700,0.85512,0.85544
1474282708,0.85512,0.85543
1474282708,0.85511,0.85543
1474282708,0.8551,0.85542
1474282708,0.85509,0.8554
1474282710,0.85508,0.8554
1474282711,0.85509,0.8554
1474282711,0.85509,0.85542
1474282712,0.85509,0.8554
1474282712,0.8551,0.8554
1474282714,0.85509,0.8554
1474282715,0.8551,0.85542
1474282716,0.85509,0.8554
1474282716,0.8551,0.85542
1474282716,0.85509,0.8554
1474282717,0.85509,0.8554
1474282721,0.8551,0.8554
1474282721,0.85509,0.8554
1474282721,0.85508,0.8554
1474282722,0.85507,0.8554
1474282722,0.85507,0.85539
1474282723,0.85506,0.85538
1474282727,0.85507,0.85539
1474282735,0.85508,0.8554
1474282735,0.85509,0.8554
1474282735,0.85508,0.8554
1474282736,0.85509,0.85542
1474282743,0.85508,0.8554
1474282745,0.85509,0.8554
1474282745,0.85509,0.85542
1474282746,0.85509,0.8554
1474282750,0.85509,0.85542
1474282751,0.85509,0.8554
1474282751,0.8551,0.85542
1474282752,0.85511,0.85543
1474282753,0.85511,0.85544
1474282759,0.85511,0.85543
1474282761,0.85511,0.85544
1474282761,0.85512,0.85544
1474282762,0.85512,0.85545
1474282763,0.8551299999999999,0.85545
1474282763,0.8551299999999999,0.85543
1474282763,0.85512,0.85543
1474282764,0.85512,0.8554
1474282764,0.85511,0.8554
1474282765,0.85509,0.8554
1474282765,0.85509,0.85538
1474282765,0.85508,0.85537
1474282767,0.85509,0.85537
1474282767,0.85512,0.85544
1474282767,0.8551299999999999,0.85545
1474282769,0.85512,0.85545
1474282772,0.85511,0.85542
1474282772,0.8551,0.85542
1474282775,0.8551299999999999,0.85543
1474282775,0.85519,0.85549
1474282775,0.8551800000000001,0.85548
1474282775,0.85515,0.85545
1474282775,0.85514,0.85545
1474282775,0.85515,0.85545
1474282776,0.85514,0.85545
1474282776,0.85514,0.85544
1474282776,0.85512,0.85544
1474282776,0.85512,0.85543
1474282776,0.85511,0.8554
1474282777,0.85511,0.85542
1474282777,0.8551,0.85542
1474282780,0.85509,0.8554
1474282781,0.8551,0.85542
1474282782,0.8551,0.8554
1474282782,0.85509,0.8554
1474282782,0.85507,0.8553500000000001
1474282782,0.85506,0.8553500000000001
1474282784,0.85507,0.8553500000000001
1474282786,0.85506,0.8553500000000001
1474282786,0.85507,0.8553500000000001
1474282786,0.85506,0.8553500000000001
1474282786,0.85507,0.85537
1474282786,0.85506,0.8553500000000001
1474282786,0.85507,0.8553500000000001
1474282786,0.85507,0.85538
1474282787,0.85508,0.85538
1474282787,0.85507,0.85538
1474282787,0.85508,0.8553500000000001
1474282789,0.85508,0.85539
1474282789,0.85511,0.85543
1474282789,0.85511,0.85544
1474282789,0.85511,0.85542
1474282789,0.85512,0.85542
1474282790,0.85512,0.8554
1474282790,0.85511,0.8554
1474282790,0.8551,0.8554
1474282790,0.85509,0.8554
1474282792,0.8551,0.8554
1474282792,0.85511,0.8554
1474282792,0.8551,0.8554
1474282793,0.8551,0.8554
1474282796,0.85511,0.85542
1474282796,0.85511,0.85542
1474282797,0.85511,0.85543
1474282797,0.85511,0.85542
1474282797,0.85511,0.85544
1474282798,0.8551,0.85542
1474282798,0.85511,0.85542
1474282799,0.8551,0.85542
1474282799,0.85507,0.8553500000000001
1474282799,0.85508,0.8553500000000001
1474282800,0.85507,0.8553500000000001
1474282800,0.85508,0.85538
1474282800,0.85507,0.8553500000000001
1474282800,0.85506,0.8553500000000001
1474282800,0.85506,0.85537
1474282801,0.85506,0.8553500000000001
1474282801,0.85506,0.85534
1474282801,0.85505,0.85534
1474282801,0.85504,0.85534
1474282801,0.85504,0.85534
1474282801,0.85504,0.85533
1474282802,0.85503,0.85533
1474282803,0.85504,0.85534
1474282805,0.85504,0.85533
1474282805,0.85505,0.85533
1474282806,0.85504,0.85533
1474282806,0.85503,0.85533
1474282806,0.85503,0.8552999999999999
1474282807,0.85502,0.85534
1474282808,0.85501,0.85532
1474282810,0.855,0.85532
1474282818,0.85502,0.85532
1474282818,0.85501,0.85532
1474282818,0.85501,0.85533
1474282819,0.85501,0.85534
1474282819,0.85502,0.85534
1474282820,0.855,0.85533
1474282821,0.85501,0.85533
1474282824,0.855,0.85533
1474282824,0.85501,0.85533
1474282825,0.855,0.85533
1474282826,0.85501,0.85533
1474282826,0.85501,0.85533
1474282827,0.855,0.85532
1474282827,0.85501,0.85533
1474282827,0.85502,0.85533
1474282827,0.85502,0.85534
1474282827,0.85501,0.85534
1474282828,0.85504,0.8553500000000001
1474282828,0.85503,0.8553500000000001
1474282829,0.85503,0.8553500000000001
1474282830,0.85505,0.8553500000000001
1474282832,0.85507,0.85538
1474282832,0.85507,0.85539
1474282832,0.85506,0.85538
1474282832,0.85507,0.85539
1474282833,0.85506,0.85538
1474282833,0.85505,0.85537
1474282833,0.85504,0.8553500000000001
1474282834,0.85503,0.8553500000000001
1474282834,0.85503,0.85534
1474282836,0.85501,0.85533
1474282836,0.855,0.85532
1474282837,0.85499,0.85532
1474282837,0.855,0.85532
1474282837,0.85501,0.85533
1474282838,0.85501,0.85534
1474282838,0.85502,0.85534
1474282838,0.85501,0.85534
1474282838,0.85502,0.85534
1474282839,0.85501,0.85533
1474282839,0.85501,0.85534
1474282839,0.85501,0.85533
1474282839,0.85502,0.85534
1474282839,0.85503,0.8553500000000001
1474282839,0.85502,0.85534
1474282840,0.85503,0.8553500000000001
1474282840,0.85505,0.85537
1474282840,0.85506,0.85538
1474282840,0.85506,0.85537
1474282841,0.85505,0.85537
1474282841,0.85505,0.8553500000000001
1474282841,0.85504,0.8553500000000001
1474282843,0.85503,0.8553500000000001
1474282845,0.85505,0.85537
1474282850,0.85506,0.85538
1474282852,0.85507,0.85539
1474282858,0.85506,0.85538
1474282858,0.85507,0.85539
1474282859,0.85508,0.85539
1474282860,0.85507,0.85539
1474282870,0.85506,0.85537
1474282870,0.85505,0.85537
1474282876,0.85506,0.85537
1474282876,0.85506,0.85538
1474282877,0.85505,0.85537
1474282877,0.85505,0.85537
1474282878,0.85505,0.85537
1474282879,0.85505,0.85538
1474282880,0.85507,0.85538
1474282880,0.85508,0.85538
1474282882,0.85507,0.85538
1474282884,0.85508,0.85539
1474282889,0.85507,0.85539
1474282889,0.85506,0.85538
1474282889,0.85505,0.85537
1474282889,0.85504,0.8553500000000001
1474282889,0.85503,0.8553500000000001
1474282891,0.85503,0.85534
1474282893,0.85502,0.85534
1474282893,0.85502,0.85533
1474282894,0.85502,0.85534
1474282895,0.85501,0.85533
1474282895,0.85502,0.85533
1474282895,0.85501,0.85533
1474282900,0.85502,0.85533
1474282902,0.85502,0.85534
1474282904,0.85503,0.85534
1474282904,0.85502,0.85534
1474282904,0.85503,0.85534
1474282913,0.85504,0.85534
1474282913,0.85504,0.8553500000000001
1474282913,0.85503,0.8553500000000001
1474282915,0.85504,0.8553500000000001
1474282916,0.85503,0.8553500000000001
1474282916,0.85503,0.85534
1474282916,0.85504,0.85534
1474282916,0.85503,0.85534
1474282921,0.85504,0.85534
1474282921,0.85504,0.8553500000000001
1474282921,0.85503,0.8553500000000001
1474282922,0.85503,0.85534
1474282924,0.85504,0.85534
1474282924,0.85504,0.8553500000000001
1474282926,0.85505,0.8553500000000001
1474282928,0.85505,0.85537
1474282928,0.85506,0.85537
1474282928,0.85506,0.85538
1474282929,0.85506,0.85538
1474282931,0.85505,0.85537
1474282934,0.85505,0.85537
1474282934,0.85505,0.8553500000000001
1474282936,0.85505,0.85537
1474282938,0.85505,0.8553500000000001
1474282939,0.85505,0.8553500000000001
1474282940,0.85505,0.8553500000000001
1474282943,0.85504,0.8553500000000001
1474282943,0.85503,0.85534
1474282943,0.85503,0.8553500000000001
1474282943,0.85504,0.8553500000000001
1474282944,0.85505,0.8553500000000001
1474282944,0.85506,0.85537
1474282944,0.85507,0.85539
1474282948,0.85508,0.85539
1474282948,0.85507,0.85539
1474282948,0.85508,0.85539
1474282949,0.85507,0.85539
1474282956,0.85508,0.85539
1474282956,0.85509,0.85539
1474282957,0.85509,0.8554
1474282958,0.85508,0.8554
1474282960,0.85509,0.8554
1474282960,0.8551,0.8554
1474282960,0.85509,0.8554
1474282965,0.8551,0.8554
1474282967,0.8551,0.85542
1474282969,0.8551,0.85542
1474282970,0.85509,0.8554
1474282971,0.8551,0.85542
1474282971,0.8551,0.85543
1474282971,0.8551,0.8554
1474282972,0.85509,0.8554
1474282972,0.8551,0.8554
1474282973,0.8551,0.85542
1474282973,0.85511,0.85543
1474282973,0.85512,0.85544
1474282973,0.85514,0.85545
1474282973,0.85515,0.85547
1474282974,0.85516,0.85547
1474282974,0.85515,0.85547
1474282975,0.85516,0.85548
1474282975,0.85517,0.85549
1474282975,0.8551800000000001,0.8555
1474282975,0.8551800000000001,0.8555
1474282975,0.85519,0.8555
1474282985,0.85519,0.85549
1474282985,0.85519,0.8555
1474282987,0.8551800000000001,0.8555
1474282987,0.8551800000000001,0.85549
1474282987,0.8551800000000001,0.8555
1474282988,0.85519,0.8555
1474282989,0.8552,0.8555199999999999
1474282989,0.85521,0.8555199999999999
1474282989,0.85522,0.85554
1474282989,0.85525,0.8555700000000001
1474282990,0.85526,0.8555700000000001
1474282990,0.85527,0.85559
1474282990,0.85528,0.8556
1474282990,0.85527,0.8555700000000001
1474282992,0.85527,0.85559
1474283010,0.85527,0.8555700000000001
1474283011,0.85527,0.85559
1474283012,0.85527,0.8555700000000001
1474283014,0.85527,0.85559
1474283015,0.85527,0.8555700000000001
1474283015,0.85527,0.85559
1474283016,0.85529,0.85559
1474283017,0.85529,0.8556
1474283017,0.85529,0.85559
1474283017,0.85529,0.8556
1474283022,0.8552999999999999,0.8556
1474283023,0.8552999999999999,0.85562
1474283024,0.8552999999999999,0.8556
1474283024,0.8552999999999999,0.85562
1474283024,0.85531,0.85562
1474283025,0.85531,0.85562
1474283026,0.85533,0.85565
1474283028,0.85533,0.85564
1474283030,0.85533,0.85562
1474283033,0.85533,0.85564
1474283033,0.85531,0.8556
1474283035,0.85531,0.85562
1474283035,0.85532,0.85562
1474283036,0.85531,0.8556
1474283036,0.8552999999999999,0.8556
1474283039,0.8552999999999999,0.8556
1474283040,0.8552999999999999,0.8556
1474283040,0.8552999999999999,0.85562
1474283041,0.8552999999999999,0.8556
1474283041,0.8552999999999999,0.8556
1474283047,0.85532,0.85562
1474283047,0.85534,0.85562
1474283047,0.85534,0.85564
1474283056,0.8553500000000001,0.85564
1474283056,0.85533,0.85564
1474283057,0.85533,0.85565
1474283058,0.85534,0.85565
1474283058,0.8553500000000001,0.85565
1474283059,0.85536,0.85569
1474283059,0.85537,0.85567
1474283068,0.85537,0.85565
1474283069,0.8553500000000001,0.85565
1474283072,0.85536,0.85565
1474283072,0.85536,0.85567
1474283075,0.85537,0.85567
1474283075,0.85537,0.85569
1474283075,0.85538,0.85569
1474283076,0.85538,0.8557
1474283076,0.85538,0.85569
1474283076,0.85539,0.85571
1474283080,0.85539,0.85572
1474283080,0.8554,0.85572
1474283081,0.85539,0.85572
1474283081,0.8554,0.85572
1474283082,0.85539,0.85572
1474283083,0.8554,0.85572
1474283084,0.8554,0.85573
1474283084,0.8554,0.85572
1474283088,0.8554,0.85571
1474283088,0.85539,0.85571
1474283089,0.85539,0.85572
1474283089,0.85539,0.85572
1474283090,0.85539,0.85572
1474283092,0.8554,0.85572
1474283099,0.8554,0.85571
1474283100,0.8554,0.85572
1474283100,0.8554,0.85573
1474283100,0.8554,0.85573
1474283100,0.8554,0.85572
1474283101,0.85541,0.85573
1474283101,0.8554,0.85572
1474283101,0.8554,0.85572
1474283102,0.8554,0.85571
1474283102,0.8554,0.85572
1474283102,0.8554,0.85571
1474283103,0.8554,0.85572
1474283106,0.8554,0.8557
1474283106,0.8554,0.85569
1474283106,0.8554,0.8557
1474283106,0.85538,0.8557
1474283106,0.85537,0.85567
1474283107,0.85537,0.85569
1474283108,0.85537,0.85567
1474283109,0.85536,0.85567
1474283109,0.85536,0.85569
1474283109,0.85538,0.8557
1474283110,0.85537,0.85569
1474283110,0.85537,0.85567
1474283111,0.85537,0.85569
1474283111,0.85537,0.85567
1474283112,0.85537,0.85569
1474283113,0.85538,0.85569
1474283114,0.85536,0.85569
1474283114,0.85537,0.85569
1474283114,0.85536,0.85567
1474283114,0.85536,0.85569
1474283115,0.85537,0.85569
1474283116,0.85537,0.85569
1474283116,0.85538,0.85569
1474283116,0.85538,0.8557
1474283116,0.85539,0.85571
1474283116,0.8554,0.85571
1474283117,0.8554,0.85572
1474283118,0.8554,0.85571
1474283118,0.8554,0.85571
1474283118,0.8554,0.8557
1474283122,0.8554,0.85571
1474283122,0.85539,0.85571
1474283125,0.85539,0.85572
1474283127,0.8554,0.85572
1474283131,0.85539,0.85571
1474283131,0.85539,0.85572
1474283132,0.85539,0.85571
1474283132,0.85537,0.85569
1474283140,0.85538,0.85569
1474283141,0.85538,0.8557
1474283142,0.85538,0.85569
1474283142,0.85537,0.85569
1474283142,0.85536,0.85567
1474283142,0.8553500000000001,0.85567
1474283153,0.85536,0.85567
1474283153,0.85536,0.85569
1474283153,0.85536,0.85567
1474283154,0.8553500000000001,0.85567
1474283154,0.8553500000000001,0.85567
1474283155,0.8553500000000001,0.85565
1474283155,0.85534,0.85565
1474283156,0.85533,0.85565
1474283156,0.85533,0.85564
1474283156,0.85534,0.85565
1474283157,0.85534,0.85564
1474283158,0.85534,0.85565
1474283160,0.85534,0.85567
1474283160,0.8553500000000001,0.85567
1474283160,0.8553500000000001,0.85565
1474283160,0.85534,0.85565
1474283161,0.85533,0.85565
1474283161,0.85534,0.85565
1474283161,0.85534,0.85567
1474283162,0.85534,0.85565
1474283163,0.85534,0.85567
1474283166,0.85534,0.85565
1474283175,0.85533,0.85565
1474283184,0.85534,0.85565
1474283188,0.8553500000000001,0.85565
1474283191,0.85534,0.85565
1474283192,0.85533,0.85565
1474283198,0.8553500000000001,0.85565
1474283198,0.8553500000000001,0.85565
1474283199,0.85534,0.85565
1474283199,0.8553500000000001,0.85565
1474283209,0.85534,0.85565
1474283209,0.8553500000000001,0.85565
1474283209,0.85534,0.85565
1474283212,0.85533,0.85565
1474283213,0.85534,0.85565
1474283216,0.85533,0.85565
1474283220,0.85529,0.85562
1474283220,0.85526,0.85559
1474283221,0.85526,0.8555700000000001
1474283221,0.85525,0.8555700000000001
1474283222,0.85522,0.85555
1474283222,0.85522,0.85554
1474283223,0.85522,0.85554
1474283226,0.85521,0.85554
1474283226,0.85522,0.85554
1474283227,0.85522,0.8555199999999999
1474283228,0.85521,0.8555199999999999
1474283229,0.85522,0.85554
1474283230,0.85523,0.85554
1474283231,0.85524,0.85555
1474283232,0.85523,0.85555
1474283232,0.85522,0.85554
1474283232,0.85521,0.85554
1474283233,0.85519,0.8555
1474283234,0.8551800000000001,0.8555
1474283235,0.8551800000000001,0.8555
1474283238,0.85517,0.85548
1474283238,0.85514,0.85547
1474283239,0.85515,0.85547
1474283240,0.85515,0.85545
1474283240,0.85514,0.85545
1474283243,0.8551299999999999,0.85545
1474283243,0.85516,0.85545
1474283243,0.8551800000000001,0.8555
1474283243,0.85519,0.8555
1474283243,0.85519,0.8555
1474283244,0.8552,0.8555
1474283245,0.85519,0.8555
1474283246,0.8552,0.8555
1474283246,0.85519,0.8555
1474283249,0.8552,0.8555
1474283253,0.8552,0.8555199999999999
1474283255,0.85519,0.8555
1474283257,0.8552,0.8555199999999999
1474283259,0.85521,0.8555199999999999
1474283259,0.85522,0.8555199999999999
1474283259,0.85524,0.8555199999999999
1474283259,0.85524,0.85555
1474283260,0.85526,0.8555700000000001
1474283261,0.85527,0.85559
1474283262,0.85528,0.85559
1474283262,0.85528,0.8556
1474283264,0.85527,0.85559
1474283266,0.85528,0.8556
1474283266,0.85528,0.85559
1474283266,0.85527,0.85559
1474283266,0.85528,0.8556
1474283267,0.85527,0.85559
1474283268,0.85527,0.85559
1474283269,0.85528,0.8556
1474283271,0.85528,0.85559
1474283272,0.85527,0.85559
1474283273,0.85528,0.8556
1474283276,0.8552999999999999,0.8556
1474283277,0.8552999999999999,0.85562
1474283277,0.8552999999999999,0.8556
1474283277,0.8552999999999999,0.85562
1474283278,0.85531,0.85562
1474283279,0.8552999999999999,0.85562
1474283291,0.85529,0.85562
1474283291,0.85528,0.8556
1474283291,0.85527,0.85559
1474283291,0.85523,0.85555
1474283292,0.85523,0.85554
1474283293,0.85522,0.85554
1474283293,0.85521,0.85554
1474283295,0.8552,0.8555199999999999
1474283296,0.85521,0.85554
1474283296,0.8552,0.8555199999999999
1474283296,0.8551800000000001,0.8555
1474283296,0.85519,0.8555
1474283298,0.85519,0.8555
1474283299,0.85519,0.8555
1474283301,0.8551800000000001,0.8555
1474283301,0.8551800000000001,0.85549
1474283303,0.8551800000000001,0.8555
1474283303,0.85519,0.8555
1474283310,0.8551800000000001,0.8555
1474283311,0.8551800000000001,0.85549
1474283311,0.85517,0.85548
1474283311,0.85517,0.85549
1474283311,0.85517,0.85548
1474283311,0.85517,0.85549
1474283313,0.8551800000000001,0.85549
1474283313,0.8551800000000001,0.8555
1474283314,0.85517,0.85549
1474283316,0.85516,0.85547
1474283317,0.85517,0.85549
1474283317,0.8551800000000001,0.85549
1474283317,0.85516,0.85548
1474283318,0.85515,0.85547
1474283318,0.85516,0.85548
1474283321,0.85516,0.85547
1474283321,0.85515,0.85547
1474283322,0.85515,0.85545
1474283322,0.85515,0.85547
1474283323,0.85516,0.85548
1474283327,0.85517,0.85549
1474283328,0.85517,0.85548
1474283328,0.85517,0.85549
1474283329,0.8551800000000001,0.85549
1474283329,0.85516,0.85548
1474283330,0.85517,0.85549
1474283332,0.8551800000000001,0.8555
1474283332,0.8551800000000001,0.85549
1474283333,0.8551800000000001,0.8555
1474283334,0.85519,0.8555
1474283335,0.8551800000000001,0.8555
1474283335,0.85519,0.8555
1474283336,0.85519,0.8555
1474283337,0.8551800000000001,0.8555
1474283337,0.8551800000000001,0.8555
1474283340,0.85516,0.85548
1474283343,0.85517,0.85549
1474283347,0.85519,0.8555
1474283347,0.8552,0.8555
1474283347,0.85523,0.85555
1474283348,0.85524,0.85555
1474283348,0.85523,0.85554
1474283348,0.85524,0.85554
1474283349,0.85523,0.85554
1474283350,0.85523,0.85555
1474283352,0.85525,0.8555700000000001
1474283352,0.85528,0.85559
1474283352,0.85527,0.85559
1474283355,0.85528,0.85559
1474283355,0.85527,0.85559
1474283355,0.85526,0.8555700000000001
1474283355,0.85524,0.8555700000000001
1474283355,0.85525,0.8555700000000001
1474283356,0.85524,0.8555700000000001
1474283362,0.85524,0.85555
1474283364,0.85523,0.85555
1474283364,0.85522,0.85554
1474283366,0.85521,0.8555199999999999
1474283367,0.8552,0.8555
1474283368,0.85519,0.8555
1474283369,0.8552,0.8555
1474283369,0.85522,0.8555199999999999
1474283369,0.85521,0.8555199999999999
1474283369,0.8552,0.8555199999999999
1474283370,0.85519,0.8555199999999999
1474283370,0.8552,0.8555199999999999
1474283370,0.8552,0.8555
1474283370,0.85519,0.8555
1474283371,0.85519,0.85549
1474283371,0.85519,0.8555
1474283371,0.85519,0.85549
1474283372,0.8552,0.85549
1474283372,0.8552,0.8555
1474283372,0.8552,0.8555199999999999
1474283373,0.8552,0.8555
1474283373,0.8552,0.8555199999999999
1474283376,0.85521,0.8555199999999999
1474283376,0.85522,0.8555199999999999
1474283376,0.85523,0.85554
1474283377,0.85526,0.85555
1474283377,0.85525,0.85555
1474283379,0.85524,0.85555
1474283380,0.85523,0.85555
1474283382,0.85524,0.85555
1474283382,0.85523,0.85554
1474283383,0.85519,0.8555
1474283383,0.8552,0.8555199999999999
1474283383,0.85521,0.8555199999999999
1474283384,0.8552,0.8555199999999999
1474283384,0.85521,0.8555199999999999
1474283384,0.8552,0.8555199999999999
1474283385,0.85521,0.8555199999999999
1474283385,0.8552,0.8555199999999999
1474283388,0.8552,0.8555
1474283390,0.8552,0.8555199999999999
1474283392,0.85521,0.8555199999999999
1474283392,0.85523,0.85554
1474283392,0.85523,0.85555
1474283393,0.85522,0.85554
1474283393,0.85523,0.85555
1474283395,0.85523,0.85554
1474283397,0.85523,0.85555
1474283397,0.85523,0.85555
1474283398,0.85523,0.85554
1474283399,0.85523,0.85555
1474283399,0.85523,0.85554
1474283400,0.85522,0.85554
1474283401,0.85515,0.85545
1474283402,0.85514,0.85545
1474283402,0.85515,0.85545
1474283403,0.85514,0.85545
1474283403,0.85515,0.85545
1474283406,0.85516,0.85545
1474283406,0.85515,0.85545
1474283407,0.8551800000000001,0.85545
1474283407,0.8551800000000001,0.85548
1474283407,0.85521,0.8555199999999999
1474283408,0.85522,0.85554
1474283409,0.85523,0.85555
1474283409,0.85522,0.85555
1474283410,0.85522,0.85554
1474283410,0.85523,0.85555
1474283411,0.85522,0.85554
1474283411,0.85523,0.85555
1474283411,0.85523,0.85554
1474283413,0.85521,0.8555199999999999
1474283413,0.85522,0.85554
1474283413,0.85521,0.8555199999999999
1474283414,0.85519,0.8555
1474283414,0.85517,0.85549
1474283414,0.85516,0.85547
1474283414,0.85515,0.85547
1474283415,0.85516,0.85548
1474283417,0.85515,0.85547
1474283417,0.85515,0.85545
1474283417,0.85514,0.85545
1474283417,0.8551299999999999,0.85545
1474283418,0.85512,0.85544
1474283420,0.85511,0.85544
1474283420,0.85511,0.85543
1474283420,0.8551,0.85543
1474283420,0.85511,0.85544
1474283420,0.8551,0.85542
1474283420,0.8551,0.85542
1474283420,0.85509,0.8554
1474283423,0.8551,0.85542
1474283424,0.85509,0.8554
1474283431,0.85508,0.8554
1474283431,0.85509,0.8554
1474283431,0.8551,0.85542
1474283432,0.8551,0.85542
1474283432,0.8551,0.85543
1474283432,0.85509,0.8554
1474283433,0.8551,0.85542
1474283436,0.85511,0.85543
1474283436,0.85512,0.85544
1474283441,0.8551299999999999,0.85545
1474283442,0.85512,0.85544
1474283442,0.85512,0.85543
1474283442,0.85511,0.85543
1474283442,0.8551,0.85542
1474283442,0.8551,0.8554
1474283443,0.85507,0.85539
1474283443,0.85508,0.8554
1474283443,0.85507,0.85539
1474283444,0.85508,0.8554
1474283446,0.85507,0.85539
1474283447,0.85508,0.8554
1474283448,0.85507,0.85539
1474283451,0.85507,0.85538
1474283451,0.85506,0.85538
1474283451,0.85507,0.85538
1474283452,0.85508,0.85538
1474283452,0.85508,0.8554
1474283456,0.85508,0.85539
1474283456,0.85508,0.8554
1474283461,0.85507,0.85539
1474283461,0.85508,0.8554
1474283464,0.85508,0.85539
1474283464,0.85507,0.85539
1474283464,0.85506,0.85538
1474283465,0.85507,0.85538
1474283465,0.85507,0.85539
1474283465,0.85506,0.85538
1474283465,0.85507,0.85539
1474283465,0.85507,0.85538
1474283465,0.85509,0.85539
1474283465,0.85509,0.8554
1474283465,0.85508,0.8554
1474283465,0.85508,0.8554
1474283466,0.85509,0.8554
1474283466,0.85508,0.8554
1474283466,0.85508,0.85539
1474283466,0.85508,0.8554
1474283466,0.85509,0.8554
1474283466,0.85508,0.8554
1474283466,0.85509,0.8554
1474283467,0.85509,0.8554
1474283467,0.85508,0.85539
1474283467,0.85507,0.85539
1474283467,0.85508,0.85539
1474283468,0.85508,0.8554
1474283468,0.85509,0.8554
1474283468,0.85508,0.8554
1474283468,0.85508,0.85539
1474283468,0.85508,0.8554
1474283468,0.8551,0.8554
1474283469,0.8551,0.8554
1474283470,0.85511,0.8554
1474283471,0.85511,0.85542
1474283471,0.85511,0.85543
1474283471,0.85511,0.85542
1474283471,0.85511,0.85543
1474283472,0.85512,0.85543
1474283474,0.85511,0.85543
1474283474,0.85511,0.85542
1474283474,0.85512,0.85542
1474283476,0.85511,0.85542
1474283478,0.85511,0.85542
1474283478,0.85511,0.85543
1474283479,0.85512,0.85543
1474283479,0.85511,0.85543
1474283479,0.85512,0.85543
1474283479,0.85511,0.85543
1474283479,0.85512,0.85543
1474283480,0.85512,0.85542
1474283483,0.85512,0.85543
1474283483,0.85511,0.85542
1474283483,0.85508,0.8554
1474283483,0.85507,0.85539
1474283483,0.85507,0.85538
1474283491,0.85508,0.85539
1474283492,0.85508,0.8554
1474283492,0.85509,0.8554
1474283493,0.8551,0.8554
1474283498,0.85509,0.8554
1474283501,0.85508,0.8554
1474283501,0.85508,0.85539
1474283502,0.85509,0.8554
1474283502,0.85509,0.85539
1474283507,0.85508,0.85539
1474283507,0.85508,0.85539
1474283508,0.85508,0.8554
1474283508,0.85508,0.85539
1474283510,0.85508,0.8554
1474283510,0.85508,0.85539
1474283511,0.85508,0.85538
1474283511,0.85508,0.85538
1474283513,0.85506,0.85538
1474283513,0.85506,0.85537
1474283513,0.85506,0.85537
1474283513,0.85506,0.85538
1474283515,0.85506,0.85538
1474283515,0.85505,0.85537
1474283517,0.85506,0.85537
1474283518,0.85506,0.8553500000000001
1474283518,0.85502,0.85534
1474283518,0.855,0.85532
1474283518,0.855,0.85533
1474283518,0.855,0.8552999999999999
1474283519,0.85499,0.8552999999999999
1474283519,0.855,0.8552999999999999
1474283519,0.85501,0.85533
1474283523,0.85502,0.85533
1474283524,0.85504,0.85534
1474283524,0.85504,0.8553500000000001
1474283524,0.85505,0.8553500000000001
1474283529,0.85505,0.85537
1474283535,0.85505,0.8553500000000001
1474283538,0.85505,0.85537
1474283539,0.85504,0.8553500000000001
1474283539,0.85503,0.8553500000000001
1474283539,0.85503,0.85533
1474283540,0.85503,0.85534
1474283540,0.85503,0.85533
1474283541,0.85502,0.85533
1474283541,0.85503,0.85533
1474283542,0.85504,0.85533
1474283542,0.85504,0.85534
1474283542,0.85505,0.85534
1474283543,0.85504,0.85534
1474283543,0.85504,0.8553500000000001
1474283543,0.85505,0.8553500000000001
1474283544,0.85506,0.8553500000000001
1474283544,0.85505,0.85537
1474283544,0.85507,0.85537
1474283544,0.85507,0.85539
1474283544,0.85508,0.85539
1474283545,0.85507,0.85539
1474283545,0.85507,0.85538
1474283545,0.85506,0.85538
1474283545,0.85507,0.85538
1474283546,0.85507,0.85539
1474283546,0.85507,0.85538
1474283547,0.85507,0.85539
1474283547,0.85506,0.85538
1474283547,0.85507,0.85538
1474283547,0.85507,0.85539
1474283548,0.85508,0.85539
1474283548,0.85508,0.8554
1474283548,0.85507,0.85539
1474283549,0.85509,0.8554
1474283549,0.85508,0.8554
1474283550,0.85509,0.8554
1474283551,0.85508,0.8554
1474283552,0.85508,0.85539
1474283552,0.85508,0.8554
1474283554,0.85509,0.8554
1474283554,0.85508,0.85538
1474283554,0.85506,0.85537
1474283554,0.85502,0.8552999999999999
1474283555,0.85501,0.8552999999999999
1474283555,0.855,0.85529
1474283555,0.85501,0.8552999999999999
1474283555,0.855,0.8552999999999999
1474283556,0.85501,0.8552999999999999
1474283559,0.85499,0.85529
1474283559,0.85499,0.85528
1474283559,0.85499,0.85529
1474283559,0.855,0.85529
1474283560,0.855,0.8552999999999999
1474283563,0.85501,0.8552999999999999
1474283563,0.85501,0.85532
1474283563,0.85502,0.85533
1474283563,0.85503,0.85533
1474283563,0.85503,0.85534
1474283564,0.85504,0.85534
1474283566,0.85504,0.8553500000000001
1474283566,0.85505,0.8553500000000001
1474283566,0.85506,0.85537
1474283567,0.85506,0.85538
1474283567,0.85507,0.85538
1474283567,0.85507,0.85538
1474283580,0.85507,0.85537
1474283582,0.85507,0.85538
1474283586,0.85507,0.85539
1474283586,0.85507,0.85538
1474283587,0.85506,0.85538
1474283587,0.85504,0.85537
1474283587,0.85504,0.8553500000000001
1474283590,0.85502,0.8553500000000001
1474283590,0.85502,0.85534
1474283590,0.85503,0.85534
1474283592,0.85503,0.85534
1474283594,0.85503,0.8553500000000001
1474283595,0.85505,0.85537
1474283595,0.85506,0.85538
1474283606,0.85505,0.85537
1474283607,0.85505,0.8553500000000001
1474283607,0.85506,0.85537
1474283607,0.85508,0.85539
1474283607,0.85509,0.85542
1474283607,0.85508,0.8554
1474283608,0.85509,0.85542
1474283609,0.85511,0.85543
1474283610,0.8551,0.85542
1474283612,0.85511,0.85542
1474283613,0.85511,0.85543
1474283615,0.8551,0.85542
1474283619,0.85508,0.8554
1474283619,0.85509,0.85542
1474283620,0.85511,0.85543
1474283624,0.85512,0.85543
1474283625,0.85512,0.85543
1474283625,0.85512,0.85544
1474283625,0.8551299999999999,0.85544
1474283625,0.8551299999999999,0.85545
1474283628,0.85512,0.85545
1474283628,0.85512,0.85544
1474283628,0.85512,0.85543
1474283628,0.85511,0.85543
1474283629,0.8551,0.85542
1474283630,0.8551,0.85543
1474283630,0.8551,0.85542
1474283630,0.85509,0.85542
1474283632,0.85509,0.8554
1474283633,0.85509,0.85542
1474283637,0.8551,0.85543
1474283639,0.8551,0.85542
1474283642,0.85509,0.8554
1474283643,0.85509,0.85542
1474283644,0.85509,0.8554
1474283656,0.8551,0.8554
1474283664,0.85509,0.8554
1474283664,0.85508,0.8554
1474283664,0.85509,0.8554
1474283671,0.8551,0.85542
1474283672,0.85509,0.8554
1474283688,0.85509,0.85542
1474283688,0.8551,0.85543
1474283690,0.85509,0.85542
1474283703,0.8551,0.85542
1474283703,0.8551,0.85543
1474283703,0.85509,0.85542
1474283707,0.85509,0.8554
1474283708,0.85508,0.85539
1474283708,0.85508,0.8554
1474283708,0.85508,0.8554
1474283709,0.85509,0.8554
1474283709,0.85508,0.8554
1474283710,0.85507,0.85539
1474283711,0.85507,0.85538
1474283711,0.85506,0.85538
1474283711,0.85505,0.85538
1474283711,0.85506,0.85539
1474283712,0.85506,0.85538
1474283712,0.85505,0.85537
1474283712,0.85505,0.85538
1474283713,0.85506,0.85538
1474283713,0.85508,0.8554
1474283713,0.8551,0.8554
1474283714,0.85514,0.85545
1474283714,0.85515,0.85547
1474283715,0.85516,0.85548
1474283717,0.85516,0.85547
1474283717,0.85515,0.85547
1474283717,0.85515,0.85545
1474283717,0.8551299999999999,0.85545
1474283717,0.85515,0.85545
1474283717,0.85516,0.85548
1474283717,0.85516,0.85547
1474283718,0.85515,0.85547
1474283719,0.85515,0.85548
1474283723,0.8552,0.8555199999999999
1474283728,0.85519,0.8555
1474283728,0.8552,0.8555199999999999
1474283740,0.8552,0.8555
1474283740,0.85519,0.8555
1474283756,0.8552,0.8555199999999999
1474283756,0.85521,0.8555199999999999
1474283756,0.8552,0.8555199999999999
1474283758,0.8552,0.8555
1474283759,0.85519,0.8555
1474283760,0.8551800000000001,0.8555
1474283761,0.85519,0.8555199999999999
1474283762,0.85519,0.8555
1474283762,0.85517,0.85549
1474283763,0.8551800000000001,0.8555
1474283766,0.85519,0.8555
1474283766,0.8551800000000001,0.8555
1474283766,0.85519,0.8555199999999999
1474283769,0.85519,0.8555
1474283771,0.85517,0.85548
1474283771,0.85517,0.85547
1474283771,0.85514,0.85544
1474283771,0.85514,0.85545
1474283772,0.85515,0.85547
1474283775,0.85516,0.85548
1474283775,0.8551800000000001,0.85548
1474283775,0.85517,0.85549
1474283775,0.8551800000000001,0.85549
1474283780,0.85519,0.8555
1474283780,0.8552,0.8555199999999999
1474283781,0.85519,0.8555199999999999
1474283784,0.8552,0.8555199999999999
1474283784,0.85521,0.8555199999999999
1474283785,0.8552,0.8555199999999999
1474283785,0.85521,0.8555199999999999
1474283786,0.8552,0.8555199999999999
1474283786,0.85521,0.8555199999999999
1474283787,0.8552,0.8555199999999999
1474283787,0.85521,0.8555199999999999
1474283788,0.85522,0.8555199999999999
1474283788,0.85521,0.8555199999999999
1474283789,0.8552,0.8555199999999999
1474283789,0.85521,0.8555199999999999
1474283793,0.8552,0.8555199999999999
1474283802,0.8552,0.8555199999999999
1474283802,0.8552,0.8555
1474283803,0.8551800000000001,0.8555
1474283806,0.85519,0.8555
1474283808,0.8551800000000001,0.8555
1474283812,0.8551800000000001,0.85549
1474283813,0.85519,0.8555
1474283813,0.8551800000000001,0.85549
1474283815,0.85519,0.8555
1474283815,0.8552,0.8555199999999999
1474283815,0.85519,0.8555199999999999
1474283815,0.8552,0.8555199999999999
1474283816,0.8552,0.8555
1474283817,0.85519,0.8555
1474283818,0.85519,0.8555
1474283819,0.8552,0.8555199999999999
1474283819,0.85521,0.8555199999999999
1474283820,0.8552,0.8555199999999999
1474283827,0.85521,0.8555199999999999
1474283828,0.8552,0.8555199999999999
1474283830,0.85519,0.8555
1474283831,0.8552,0.8555199999999999
1474283832,0.85519,0.8555
1474283832,0.8551800000000001,0.8555
1474283833,0.85519,0.8555
1474283833,0.8552,0.8555199999999999
1474283834,0.85519,0.8555199999999999
1474283834,0.8552,0.8555199999999999
1474283834,0.8552,0.8555
1474283834,0.8551800000000001,0.85549
1474283834,0.85517,0.85548
1474283834,0.8551800000000001,0.85549
1474283834,0.8552,0.8555
1474283835,0.85519,0.8555
1474283843,0.8551800000000001,0.8555
1474283843,0.85519,0.8555
1474283845,0.8551800000000001,0.8555
1474283847,0.85519,0.8555
1474283850,0.8551800000000001,0.8555
1474283856,0.85519,0.8555
1474283858,0.8551800000000001,0.8555
1474283858,0.85519,0.8555
1474283860,0.8551800000000001,0.8555
1474283860,0.85519,0.8555
1474283860,0.8551800000000001,0.8555
1474283861,0.8551800000000001,0.8555
1474283861,0.8551800000000001,0.85549
1474283862,0.8551800000000001,0.8555
1474283862,0.85519,0.8555
1474283862,0.8552,0.8555199999999999
1474283862,0.85522,0.85554
1474283862,0.85521,0.8555199999999999
1474283862,0.8552,0.8555199999999999
1474283862,0.85521,0.8555199999999999
1474283863,0.8552,0.8555199999999999
1474283863,0.8552,0.8555
1474283863,0.8552,0.8555199999999999
1474283864,0.85522,0.85554
1474283865,0.85523,0.85555
1474283865,0.85525,0.8555700000000001
1474283866,0.85524,0.85555
1474283866,0.85525,0.8555700000000001
1474283866,0.85524,0.8555700000000001
1474283866,0.85525,0.8555700000000001
1474283868,0.85526,0.8555700000000001
1474283870,0.85527,0.85559
1474283870,0.85528,0.8556
1474283871,0.85529,0.8556
1474283871,0.85531,0.85564
1474283871,0.85533,0.85565
1474283871,0.85532,0.85564
1474283871,0.85532,0.85562
1474283872,0.85532,0.85564
1474283872,0.85533,0.85565
1474283876,0.85532,0.85562
1474283876,0.85532,0.8556
1474283876,0.85527,0.85559
1474283877,0.85527,0.8555700000000001
1474283877,0.85527,0.85559
1474283877,0.85527,0.8555700000000001
1474283880,0.85527,0.85559
1474283880,0.85527,0.8555700000000001
1474283886,0.85527,0.85559
1474283886,0.85527,0.8555700000000001
1474283886,0.85527,0.85559
1474283888,0.85527,0.8555700000000001
1474283888,0.85527,0.85559
1474283888,0.85527,0.8555700000000001
1474283888,0.85527,0.85559
1474283888,0.85527,0.8555700000000001
1474283888,0.85526,0.8555700000000001
1474283899,0.85527,0.85559
1474283899,0.85527,0.8555700000000001
1474283901,0.85526,0.8555700000000001
1474283909,0.85525,0.8555700000000001
1474283909,0.85524,0.85554
1474283909,0.85525,0.85555
1474283909,0.85525,0.8555700000000001
1474283909,0.85526,0.8555700000000001
1474283910,0.85525,0.8555700000000001
1474283910,0.85526,0.8555700000000001
1474283910,0.85526,0.8555700000000001
1474283914,0.85527,0.85559
1474283915,0.85527,0.8555700000000001
1474283916,0.85526,0.8555700000000001
1474283918,0.85527,0.8555700000000001
1474283918,0.85526,0.8555700000000001
1474283918,0.85527,0.85559
1474283918,0.85528,0.8556
1474283919,0.85529,0.8556
1474283919,0.85528,0.8556
1474283919,0.85529,0.8556
1474283919,0.8552999999999999,0.85562
1474283920,0.8552999999999999,0.85562
1474283921,0.85529,0.85562
1474283921,0.85531,0.85562
1474283921,0.85532,0.85562
1474283921,0.85532,0.85562
1474283921,0.8552999999999999,0.85562
1474283922,0.8552999999999999,0.8556
1474283922,0.85529,0.8556
1474283924,0.8552999999999999,0.85562
1474283924,0.8552999999999999,0.8556
1474283924,0.85531,0.85564
1474283924,0.85531,0.85562
1474283930,0.8552999999999999,0.85562
1474283931,0.85531,0.85562
1474283932,0.85532,0.85564
1474283932,0.85533,0.85565
1474283933,0.85533,0.85565
1474283941,0.85532,0.85564
1474283942,0.85533,0.85565
1474283949,0.85534,0.85565
1474283955,0.85533,0.85565
1474283956,0.85532,0.85564
1474283957,0.85532,0.85562
1474283957,0.85532,0.85564
1474283958,0.85532,0.85562
1474283958,0.85531,0.85562
1474283958,0.8552999999999999,0.8556
1474283958,0.8552999999999999,0.85562
1474283958,0.8552999999999999,0.85562
1474283964,0.85531,0.85562
1474283969,0.85532,0.85564
1474283969,0.85533,0.85565
1474283969,0.85532,0.85564
1474283972,0.85531,0.85562
1474283975,0.85532,0.85564
1474283977,0.85532,0.85564
1474283982,0.85531,0.85562
1474283983,0.85532,0.85564
1474283985,0.85531,0.85562
1474283994,0.85532,0.85564
1474283994,0.85534,0.85565
1474283994,0.85537,0.85567
1474283995,0.85536,0.85567
1474283995,0.85536,0.85565
1474283995,0.85536,0.85567
1474283995,0.85536,0.85565
1474283997,0.85536,0.85567
1474284000,0.8553500000000001,0.85567
1474284001,0.8553500000000001,0.85565
1474284001,0.85534,0.85565
1474284001,0.85533,0.85564
1474284001,0.85532,0.85564
1474284002,0.85532,0.85562
1474284002,0.85531,0.85562
1474284005,0.85531,0.85562
1474284007,0.8552999999999999,0.8556
1474284009,0.85529,0.8556
1474284010,0.85528,0.8556
1474284010,0.85529,0.8556
1474284018,0.8552999999999999,0.8556
1474284018,0.8552999999999999,0.85562
1474284018,0.85532,0.85564
1474284018,0.85532,0.85562
1474284018,0.85532,0.85564
1474284018,0.85533,0.85565
1474284018,0.85532,0.85564
1474284019,0.85532,0.85562
1474284019,0.85532,0.85564
1474284020,0.85531,0.85562
1474284020,0.85531,0.85564
1474284020,0.85531,0.85562
1474284021,0.85531,0.85564
1474284021,0.85531,0.85562
1474284023,0.85532,0.85564
1474284023,0.85531,0.85564
1474284024,0.8552999999999999,0.85562
1474284025,0.85527,0.85559
1474284025,0.85527,0.85559
1474284028,0.85528,0.8556
1474284030,0.85527,0.85559
1474284030,0.85526,0.8555700000000001
1474284030,0.85526,0.85555
1474284031,0.85524,0.85555
1474284031,0.85523,0.85555
1474284031,0.85524,0.85555
1474284032,0.85524,0.85554
1474284032,0.85522,0.8555199999999999
1474284032,0.85521,0.8555
1474284032,0.85521,0.8555199999999999
1474284033,0.85523,0.85555
1474284033,0.85523,0.85554
1474284033,0.85522,0.85554
1474284033,0.85522,0.8555199999999999
1474284033,0.85522,0.85554
1474284033,0.85522,0.8555199999999999
1474284034,0.85522,0.85554
1474284034,0.85522,0.85555
1474284034,0.85523,0.85555
1474284034,0.85524,0.85555
1474284036,0.85525,0.85555
1474284037,0.85525,0.8555700000000001
1474284038,0.85524,0.85555
1474284039,0.85523,0.85555
1474284039,0.85522,0.85554
1474284039,0.85523,0.85555
1474284042,0.85524,0.85555
1474284042,0.85523,0.85555
1474284047,0.85531,0.85562
1474284049,0.85532,0.85564
1474284049,0.85533,0.85565
1474284049,0.85534,0.85565
1474284049,0.85533,0.85565
1474284050,0.8553500000000001,0.85565
1474284050,0.85534,0.85565
1474284052,0.8553500000000001,0.85565
1474284052,0.8553500000000001,0.85567
1474284053,0.85536,0.85567
1474284053,0.85539,0.85567
1474284053,0.8554,0.85567
1474284053,0.85543,0.8557399999999999
1474284054,0.85542,0.8557399999999999
1474284055,0.85543,0.8557399999999999
1474284057,0.85543,0.85575
1474284058,0.85542,0.8557399999999999
1474284060,0.85542,0.85573
1474284060,0.85542,0.85572
1474284061,0.85539,0.85571
1474284061,0.85537,0.85569
1474284061,0.85538,0.85569
1474284061,0.85538,0.8557
1474284061,0.85539,0.85571
1474284061,0.85539,0.85571
1474284062,0.8554,0.85571
1474284062,0.85539,0.85571
1474284062,0.8554,0.85572
1474284063,0.85541,0.85572
1474284063,0.85541,0.85572
1474284063,0.8554,0.85572
1474284064,0.85541,0.85573
1474284065,0.85542,0.85573
1474284065,0.85542,0.8557399999999999
1474284066,0.85543,0.85575
1474284068,0.85543,0.8557399999999999
1474284069,0.85543,0.85575
1474284069,0.85543,0.8557399999999999
1474284070,0.85542,0.8557399999999999
1474284071,0.85543,0.85575
1474284075,0.85542,0.8557399999999999
1474284082,0.85542,0.85573
1474284082,0.85541,0.85572
1474284082,0.8554,0.8557
1474284083,0.8554,0.85567
1474284083,0.85537,0.85567
1474284084,0.85536,0.85567
1474284084,0.85537,0.85567
1474284085,0.85537,0.85569
1474284090,0.85538,0.8557
1474284090,0.85537,0.85569
1474284090,0.85538,0.8557
1474284092,0.85538,0.85569
1474284092,0.85537,0.85569
1474284094,0.85539,0.85569
1474284097,0.85539,0.8557
1474284097,0.8554,0.85573
1474284097,0.85541,0.85573
1474284097,0.85542,0.85573
1474284098,0.85542,0.8557399999999999
1474284098,0.85543,0.8557399999999999
1474284100,0.85543,0.85575
1474284101,0.85543,0.8557399999999999
1474284101,0.85543,0.85575
1474284103,0.85544,0.85575
1474284103,0.85544,0.8557399999999999
1474284104,0.85544,0.85575
1474284105,0.85546,0.85578
1474284105,0.85548,0.8557900000000001
1474284105,0.85548,0.8558
1474284105,0.8555,0.85581
1474284106,0.85553,0.85584
1474284106,0.8555199999999999,0.85583
1474284106,0.8555199999999999,0.85584
1474284106,0.8555199999999999,0.85585
1474284108,0.8555199999999999,0.85584
1474284108,0.8555199999999999,0.85585
1474284108,0.8555199999999999,0.85584
1474284110,0.85551,0.85582
1474284110,0.8555,0.85582
1474284110,0.85551,0.85582
1474284110,0.85551,0.85581
1474284111,0.85551,0.85582
1474284111,0.85551,0.85583
1474284112,0.8555199999999999,0.85584
1474284112,0.85551,0.85583
1474284113,0.8555,0.85582
1474284113,0.8555,0.85581
1474284113,0.8555,0.85582
1474284113,0.8555,0.85581
1474284120,0.8555,0.85581
1474284120,0.8555,0.85582
1474284121,0.85551,0.85582
1474284121,0.8555,0.85582
1474284121,0.85549,0.85581
1474284121,0.85549,0.8558
1474284122,0.85549,0.85581
1474284122,0.85549,0.8558
1474284122,0.85548,0.8558
1474284122,0.85548,0.8557900000000001
1474284123,0.85547,0.8557900000000001
1474284123,0.85548,0.8558
1474284123,0.85547,0.8557900000000001
1474284123,0.85547,0.85578
1474284124,0.85547,0.8557900000000001
1474284124,0.85548,0.8557900000000001
1474284124,0.85547,0.8557900000000001
1474284124,0.85547,0.8558
1474284124,0.85548,0.8558
1474284124,0.85546,0.8557900000000001
1474284124,0.85544,0.85576
1474284124,0.85545,0.85576
1474284124,0.85545,0.85577
1474284125,0.85545,0.85578
1474284125,0.85546,0.85578
1474284132,0.85546,0.8557900000000001
1474284132,0.85547,0.8557900000000001
1474284133,0.85548,0.8558
1474284133,0.85547,0.8558
1474284135,0.85547,0.8557900000000001
1474284135,0.85547,0.85578
1474284136,0.85547,0.8557900000000001
1474284136,0.85547,0.8558
1474284137,0.85547,0.8557900000000001
1474284141,0.85546,0.8557900000000001
1474284143,0.85546,0.85578
1474284145,0.85546,0.85577
1474284146,0.85545,0.85576
1474284148,0.85544,0.85577
1474284149,0.85539,0.8557
1474284149,0.85538,0.8557
1474284149,0.85539,0.8557
1474284150,0.85539,0.8557
1474284150,0.85538,0.8557
1474284150,0.85539,0.85571
1474284152,0.8554,0.85571
1474284153,0.85541,0.85571
1474284153,0.8554,0.85572
1474284154,0.85541,0.85572
1474284154,0.8554,0.85572
1474284155,0.85541,0.85573
1474284155,0.85541,0.8557399999999999
1474284158,0.85542,0.85575
1474284158,0.85543,0.85575
1474284159,0.85542,0.85575
1474284159,0.85542,0.8557399999999999
1474284159,0.85541,0.8557399999999999
1474284160,0.85542,0.8557399999999999
1474284162,0.85542,0.85575
1474284164,0.85541,0.8557399999999999
1474284165,0.85543,0.85576
1474284168,0.85543,0.85575
1474284168,0.85542,0.85575
1474284169,0.85542,0.8557399999999999
1474284177,0.85543,0.8557399999999999
1474284177,0.85543,0.85575
1474284178,0.85546,0.8557900000000001
1474284179,0.85547,0.8558
1474284179,0.85547,0.8558
1474284180,0.85548,0.8558
1474284181,0.85549,0.85581
1474284184,0.85548,0.85581
1474284184,0.85548,0.8558
1474284185,0.85548,0.85581
1474284185,0.85549,0.85581
1474284192,0.85548,0.85581
1474284192,0.85548,0.8558
1474284193,0.85547,0.8558
1474284193,0.85548,0.8558
1474284193,0.85547,0.8558
1474284195,0.85548,0.8558
1474284197,0.85547,0.8558
1474284198,0.85548,0.8558
1474284199,0.85548,0.85581
1474284200,0.85547,0.8558
1474284204,0.85548,0.8558
1474284205,0.85547,0.8558
1474284205,0.85547,0.8557900000000001
1474284206,0.85546,0.8557900000000001
1474284209,0.85547,0.8558
1474284213,0.85548,0.85581
1474284214,0.85549,0.85581
1474284218,0.85549,0.85582
1474284221,0.85548,0.85581
1474284221,0.85549,0.8558
1474284221,0.85548,0.8557900000000001
1474284221,0.85548,0.8557900000000001
1474284221,0.85548,0.8558
1474284221,0.85547,0.8558
1474284222,0.85548,0.85581
1474284222,0.85547,0.8557900000000001
1474284222,0.85547,0.85578
1474284223,0.85547,0.8557900000000001
1474284229,0.85546,0.8557900000000001
1474284233,0.85547,0.8557900000000001
1474284234,0.85548,0.8558
1474284234,0.85548,0.85581
1474284235,0.85551,0.85583
1474284236,0.8555199999999999,0.85583
1474284236,0.8555199999999999,0.85584
1474284237,0.85551,0.85584
1474284237,0.85547,0.8558
1474284238,0.85549,0.8558
1474284238,0.85549,0.85581
1474284238,0.85548,0.85581
1474284238,0.85551,0.85583
1474284238,0.8555199999999999,0.85583
1474284238,0.85553,0.85583
1474284238,0.85553,0.85584
1474284238,0.8555199999999999,0.85584
1474284239,0.85553,0.85584
1474284239,0.85551,0.85584
1474284239,0.8555199999999999,0.85584
1474284239,0.85551,0.85584
1474284239,0.8555199999999999,0.85584
1474284240,0.8555199999999999,0.85585
1474284242,0.8555199999999999,0.85584
1474284242,0.85551,0.85584
1474284243,0.85551,0.85583
1474284243,0.8555,0.85582
1474284245,0.8555,0.85581
1474284245,0.8555,0.85582
1474284246,0.8555,0.85581
1474284247,0.8555,0.85582
1474284250,0.85549,0.85581
1474284250,0.85549,0.8558
1474284250,0.85549,0.85581
1474284251,0.85549,0.85582
1474284256,0.85549,0.85581
1474284257,0.85549,0.8558
1474284258,0.85549,0.85581
1474284258,0.85549,0.8558
1474284259,0.85549,0.8557900000000001
1474284259,0.85549,0.8558
1474284262,0.85549,0.8557900000000001
1474284263,0.85549,0.8558
1474284268,0.85548,0.8557900000000001
1474284268,0.85548,0.85578
1474284269,0.85548,0.8557900000000001
1474284272,0.85549,0.8557900000000001
1474284272,0.85549,0.8558
1474284272,0.85548,0.8558
1474284272,0.85548,0.85581
1474284272,0.85549,0.85581
1474284273,0.85549,0.85582
1474284274,0.85549,0.8557900000000001
1474284274,0.85548,0.8557900000000001
1474284277,0.85548,0.8558
1474284277,0.85549,0.85581
1474284277,0.85549,0.85582
1474284280,0.85549,0.8557900000000001
1474284280,0.85549,0.8558
1474284283,0.85549,0.85581
1474284283,0.85549,0.85582
1474284283,0.85549,0.85581
1474284285,0.85549,0.85582
1474284285,0.85549,0.85581
1474284287,0.85549,0.8558
1474284288,0.85549,0.85581
1474284289,0.85549,0.8558
1474284289,0.85549,0.85581
1474284290,0.85549,0.8558
1474284291,0.85549,0.85582
1474284291,0.8555,0.85582
1474284293,0.8555,0.85583
1474284293,0.85551,0.85583
1474284295,0.8555,0.85583
1474284304,0.8555,0.85582
1474284306,0.8555199999999999,0.85583
1474284307,0.85554,0.85585
1474284307,0.85555,0.85587
1474284308,0.85556,0.85587
1474284310,0.85555,0.85587
1474284312,0.85555,0.85586
1474284312,0.85555,0.85585
1474284312,0.85554,0.85585
1474284312,0.8555199999999999,0.85584
1474284312,0.8555,0.85581
1474284313,0.8555,0.85582
1474284313,0.8555,0.85583
1474284313,0.8555,0.85582
1474284317,0.8555,0.85581
1474284317,0.8555,0.8558
1474284317,0.85549,0.85581
1474284317,0.85546,0.85577
1474284317,0.85545,0.85577
1474284318,0.85545,0.85576
1474284321,0.85545,0.85575
1474284321,0.85545,0.85576
1474284323,0.85543,0.85576
1474284323,0.85543,0.85575
1474284324,0.85543,0.85576
1474284324,0.85543,0.85575
1474284325,0.85543,0.85576
1474284326,0.85543,0.85575
1474284326,0.85543,0.8557399999999999
1474284326,0.85543,0.85573
1474284326,0.85541,0.85572
1474284327,0.8554,0.85571
1474284327,0.8554,0.8557
1474284327,0.8554,0.85571
1474284332,0.85539,0.8557
1474284335,0.85538,0.8557
1474284335,0.85538,0.85569
1474284335,0.85538,0.8557
1474284335,0.85538,0.85569
1474284336,0.85536,0.85569
1474284336,0.85536,0.85567
1474284336,0.8553500000000001,0.85567
1474284336,0.85534,0.85565
1474284336,0.8552999999999999,0.85562
1474284337,0.8552999999999999,0.8556
1474284337,0.85529,0.8556
1474284337,0.85528,0.85559
1474284341,0.85528,0.8556
1474284341,0.85529,0.8556
1474284341,0.8552999999999999,0.8556
1474284341,0.85533,0.85565
1474284341,0.85537,0.8557
1474284341,0.85538,0.85571
1474284341,0.85539,0.85571
1474284341,0.85541,0.85572
1474284342,0.85541,0.85573
1474284343,0.85541,0.85573
1474284343,0.85541,0.8557399999999999
1474284343,0.85541,0.85573
1474284343,0.85541,0.8557399999999999
1474284343,0.85541,0.8557399999999999
1474284344,0.85542,0.8557399999999999
1474284344,0.8554,0.85573
1474284344,0.8554,0.85571
1474284345,0.8554,0.85572
1474284345,0.8554,0.85571
1474284345,0.8554,0.85572
1474284346,0.8554,0.85573
1474284350,0.85541,0.85573
1474284351,0.85541,0.8557399999999999
1474284351,0.85542,0.85575
1474284351,0.85543,0.85576
1474284352,0.85543,0.85575
1474284352,0.85543,0.85576
1474284369,0.85542,0.85575
1474284369,0.85541,0.85573
1474284369,0.85541,0.8557399999999999
1474284369,0.85541,0.85573
1474284369,0.85541,0.8557399999999999
1474284369,0.85541,0.85573
1474284371,0.85541,0.8557399999999999
1474284372,0.85541,0.85573
1474284372,0.8554,0.85573
1474284372,0.8554,0.85572
1474284372,0.8554,0.85573
1474284372,0.8554,0.85572
1474284373,0.8554,0.8557399999999999
1474284373,0.85541,0.8557399999999999
1474284373,0.85541,0.85573
1474284373,0.85541,0.8557399999999999
1474284373,0.85542,0.8557399999999999
1474284374,0.85542,0.85575
1474284374,0.85542,0.85575
1474284374,0.85542,0.8557399999999999
1474284375,0.85542,0.85575
1474284377,0.85544,0.85575
1474284377,0.85545,0.85576
1474284377,0.85545,0.85577
1474284377,0.85546,0.85578
1474284377,0.85546,0.8557900000000001
1474284378,0.85547,0.8557900000000001
1474284378,0.85546,0.8557900000000001
1474284378,0.85547,0.8558
1474284378,0.85546,0.8557900000000001
1474284378,0.85546,0.85578
1474284379,0.85546,0.85577
1474284379,0.85546,0.85576
1474284379,0.85545,0.85576
1474284380,0.85545,0.85577
1474284380,0.85545,0.85576
1474284382,0.85545,0.85577
1474284382,0.85545,0.85576
1474284383,0.85545,0.85575
1474284383,0.85545,0.85576
1474284388,0.85542,0.85575
1474284388,0.85542,0.8557399999999999
1474284388,0.85542,0.85575
1474284389,0.85542,0.85576
1474284389,0.85543,0.85576
1474284394,0.85544,0.85576
1474284399,0.85544,0.85577
1474284399,0.85546,0.85578
1474284399,0.85546,0.8557900000000001
1474284400,0.85546,0.85576
1474284400,0.85542,0.85573
1474284400,0.85542,0.8557399999999999
1474284400,0.85543,0.85575
1474284400,0.85543,0.85576
1474284401,0.85544,0.85576
1474284402,0.85543,0.85576
1474284404,0.85544,0.85577
1474284404,0.85545,0.85577
1474284404,0.85545,0.85578
1474284404,0.85551,0.85584
1474284404,0.8555199999999999,0.85584
1474284404,0.85555,0.85585
1474284404,0.85553,0.85586
1474284405,0.85553,0.85585
1474284405,0.85553,0.85586
1474284405,0.85554,0.85586
1474284405,0.85553,0.85586
1474284406,0.85554,0.85587
1474284406,0.85555,0.85587
1474284406,0.85555,0.85588
1474284406,0.85555,0.85587
1474284407,0.85555,0.85588
1474284407,0.85555,0.85587
1474284407,0.85555,0.85588
1474284407,0.85554,0.85587
1474284408,0.85554,0.85586
1474284409,0.85554,0.85587
1474284409,0.85555,0.85587
1474284409,0.85555,0.85588
1474284412,0.85554,0.85587
1474284413,0.85555,0.85588
1474284413,0.85556,0.85587
1474284413,0.85556,0.85588
1474284413,0.8555700000000001,0.85589
1474284413,0.85559,0.8559099999999999
1474284414,0.85559,0.8559099999999999
1474284414,0.8556,0.85592
1474284414,0.85559,0.85592
1474284414,0.85564,0.85597
1474284414,0.85564,0.8559600000000001
1474284414,0.85564,0.85597
1474284414,0.85564,0.85595
1474284415,0.85564,0.85594
1474284415,0.85564,0.85595
1474284415,0.85563,0.85595
1474284417,0.85563,0.8559600000000001
1474284418,0.85563,0.85595
1474284420,0.85563,0.85594
1474284420,0.85562,0.85593
1474284420,0.8556,0.8559099999999999
1474284420,0.8556,0.8559
1474284424,0.85558,0.8559
1474284432,0.85559,0.8559
1474284433,0.85559,0.85589
1474284437,0.85559,0.8559
1474284437,0.85559,0.85589
1474284447,0.8555700000000001,0.85589
1474284448,0.8555700000000001,0.85589
1474284448,0.85555,0.85586
1474284448,0.85553,0.85585
1474284448,0.85554,0.85585
1474284449,0.85554,0.85586
1474284449,0.85555,0.85586
1474284449,0.85555,0.85587
1474284450,0.85555,0.85586
1474284450,0.85555,0.85587
1474284451,0.85553,0.85586
1474284452,0.85554,0.85586
1474284453,0.85555,0.85586
1474284455,0.85555,0.85585
1474284460,0.85555,0.85584
1474284460,0.85555,0.85585
1474284461,0.85555,0.85584
1474284461,0.85553,0.85584
1474284462,0.85553,0.85583
1474284462,0.85553,0.85584
1474284463,0.85553,0.85585
1474284466,0.85553,0.85586
1474284473,0.85553,0.85585
1474284474,0.85554,0.85586
1474284475,0.85553,0.85586
1474284483,0.85553,0.85586
1474284490,0.85553,0.85585
1474284492,0.8555199999999999,0.85584
1474284492,0.8555199999999999,0.85583
1474284493,0.8555199999999999,0.85584
1474284495,0.8555199999999999,0.85585
1474284495,0.8555199999999999,0.85583
1474284495,0.8555199999999999,0.85582
1474284495,0.8555199999999999,0.85583
1474284496,0.85551,0.85583
1474284497,0.85551,0.85583
1474284498,0.85551,0.85582
1474284499,0.85551,0.85583
1474284506,0.85549,0.85581
1474284506,0.85549,0.85582
1474284509,0.8555,0.85582
1474284509,0.8555,0.85583
1474284510,0.8555,0.85582
1474284510,0.85551,0.85584
1474284510,0.8555199999999999,0.85585
1474284510,0.85553,0.85585
1474284510,0.8555199999999999,0.85584
1474284511,0.8555199999999999,0.85585
1474284511,0.85553,0.85585
1474284513,0.85554,0.85586
1474284516,0.85555,0.85586
1474284516,0.85556,0.85587
1474284516,0.85555,0.85587
1474284516,0.85555,0.85588
1474284516,0.85556,0.85588
1474284519,0.8555700000000001,0.85588
1474284519,0.85556,0.85588
1474284520,0.8555700000000001,0.85588
1474284520,0.8555700000000001,0.85589
1474284524,0.85556,0.85588
1474284524,0.85556,0.85587
1474284525,0.85556,0.85586
1474284525,0.85554,0.85586
1474284525,0.85554,0.85585
1474284526,0.85553,0.85584
1474284526,0.85553,0.85584
1474284526,0.8555199999999999,0.85583
1474284526,0.85551,0.85583
1474284526,0.85551,0.85582
1474284526,0.85551,0.85583
1474284526,0.85551,0.85582
1474284527,0.8555,0.85582
1474284529,0.8555199999999999,0.85585
1474284529,0.8555199999999999,0.85584
1474284529,0.8555199999999999,0.85585
1474284530,0.8555199999999999,0.85584
1474284531,0.8555199999999999,0.85584
1474284531,0.85554,0.85585
1474284531,0.8555199999999999,0.85585
1474284531,0.8555199999999999,0.85584
1474284531,0.85551,0.85582
1474284533,0.85549,0.85582
1474284538,0.85549,0.85582
1474284538,0.85549,0.85582
1474284538,0.85551,0.85583
1474284538,0.8555199999999999,0.85583
1474284538,0.85551,0.85583
1474284538,0.85551,0.85584
1474284539,0.8555199999999999,0.85584
1474284542,0.8555199999999999,0.85583
1474284542,0.85551,0.85583
1474284542,0.8555,0.85582
1474284542,0.8555,0.85581
1474284542,0.85549,0.85581
1474284544,0.85549,0.85582
1474284545,0.85549,0.85581
1474284545,0.85549,0.85582
1474284545,0.85549,0.85581
1474284545,0.85549,0.85582
1474284545,0.85553,0.85584
1474284545,0.85553,0.85585
1474284546,0.85554,0.85585
1474284546,0.85553,0.85585
1474284546,0.85554,0.85585
1474284546,0.85555,0.85585
1474284546,0.85555,0.85586
1474284547,0.85555,0.85587
1474284547,0.85555,0.85586
1474284547,0.85554,0.85586
1474284548,0.85553,0.85585
1474284554,0.85553,0.85584
1474284557,0.8555199999999999,0.85584
1474284557,0.85553,0.85584
1474284558,0.85553,0.85585
1474284558,0.85553,0.85584
1474284558,0.85554,0.85584
1474284558,0.85553,0.85584
1474284558,0.8555199999999999,0.85584
1474284559,0.8555199999999999,0.85585
1474284559,0.8555199999999999,0.85584
1474284560,0.85551,0.85584
1474284560,0.8555199999999999,0.85584
1474284561,0.8555199999999999,0.85583
1474284562,0.8555199999999999,0.85584
1474284562,0.8555199999999999,0.85585
1474284562,0.8555199999999999,0.85584
1474284563,0.8555199999999999,0.85585
1474284563,0.8555199999999999,0.85584
1474284563,0.85553,0.85584
1474284563,0.85554,0.85586
1474284564,0.85555,0.85587
1474284566,0.85555,0.85588
1474284566,0.85555,0.85587
1474284566,0.85555,0.85588
1474284566,0.85555,0.85587
1474284567,0.85554,0.85587
1474284568,0.85554,0.85586
1474284572,0.85554,0.85587
1474284572,0.85554,0.85586
1474284572,0.85554,0.85587
1474284572,0.85554,0.85585
1474284572,0.8555199999999999,0.85583
1474284578,0.85551,0.85583
1474284578,0.8555199999999999,0.85583
1474284579,0.8555199999999999,0.85582
1474284587,0.85551,0.85582
1474284589,0.8555,0.85582
1474284591,0.85551,0.85582
1474284591,0.8555,0.85582
1474284596,0.85551,0.85582
1474284596,0.8555199999999999,0.85582
1474284596,0.85553,0.85583
1474284596,0.8555199999999999,0.85584
1474284596,0.85553,0.85586
1474284596,0.85555,0.85587
1474284600,0.85554,0.85587
1474284600,0.85555,0.85587
1474284602,0.85556,0.85587
1474284602,0.85555,0.85587
1474284602,0.85556,0.85587
1474284602,0.8555700000000001,0.85587
1474284603,0.85556,0.85587
1474284603,0.8555700000000001,0.85587
1474284603,0.8555700000000001,0.85588
1474284603,0.85558,0.85588
1474284603,0.85559,0.8559
1474284603,0.8556,0.8559
1474284603,0.85559,0.8559
1474284604,0.8555700000000001,0.85589
1474284604,0.85554,0.85587
1474284604,0.85554,0.85586
1474284604,0.85554,0.85587
1474284605,0.85554,0.85586
1474284606,0.85555,0.85586
1474284606,0.85556,0.85586
1474284606,0.85555,0.85586
1474284607,0.85555,0.85587
1474284607,0.85554,0.85585
1474284608,0.85553,0.85585
1474284608,0.8555199999999999,0.85585
1474284608,0.8555199999999999,0.85583
1474284609,0.8555199999999999,0.85584
